timestamp,price,size,side,exchange_timestamp
1756707631.227671,107947.0,16.89663,bid,1756707630446
1756707631.227671,107948.0,1.43191,ask,1756707630446
1756707631.2300105,107947.0,13.89254,bid,1756707630499
1756707631.2300105,107948.0,1.43191,ask,1756707630499
1756707631.2300372,107947.0,11.35696,bid,1756707630648
1756707631.2300372,107948.0,1.43191,ask,1756707630648
1756707631.2907715,107947.0,14.47794,bid,1756707630899
1756707631.2907715,107948.0,1.43191,ask,1756707630899
1756707631.4534276,107947.0,16.88425,bid,1756707631061
1756707631.4534276,107948.0,1.40902,ask,1756707631061
1756707631.4964669,107947.0,13.76327,bid,1756707631105
1756707631.4964669,107948.0,1.40902,ask,1756707631105
1756707631.601126,107947.0,13.76327,bid,1756707631161
1756707631.601126,107950.0,0.64714,ask,1756707631161
1756707631.6389916,107949.0,15.96051,bid,1756707631264
1756707631.6389916,107950.0,0.67142,ask,1756707631264
1756707631.691952,107949.0,30.90205,bid,1756707631361
1756707631.691952,107950.0,0.67142,ask,1756707631361
1756707631.753711,107949.0,34.15844,bid,1756707631412
1756707631.753711,107950.0,0.64363,ask,1756707631412
1756707632.1212802,107949.0,33.06858,bid,1756707631507
1756707632.1212802,107950.0,0.04631,ask,1756707631507
1756707632.3076034,107949.0,33.55303,bid,1756707631637
1756707632.3076034,107950.0,0.05558,ask,1756707631637
1756707632.3076994,107949.0,29.20863,bid,1756707631712
1756707632.3076994,107950.0,0.05558,ask,1756707631712
1756707632.3465383,107950.0,0.19116,ask,1756707631918
1756707632.3465383,107949.0,22.51255,bid,1756707631918
1756707632.4697063,107949.0,22.80529,bid,1756707632036
1756707632.4697063,107950.0,0.19116,ask,1756707632036
1756707632.5568795,107949.0,25.0431,bid,1756707632109
1756707632.5568795,107950.0,0.73697,ask,1756707632109
1756707632.695959,107949.0,23.38508,bid,1756707632276
1756707632.695959,107950.0,0.73697,ask,1756707632276
1756707632.8320212,107949.0,21.27347,bid,1756707632441
1756707632.8320212,107950.0,0.70929,ask,1756707632441
1756707632.9299347,107950.0,0.66298,ask,1756707632515
1756707632.9299347,107949.0,21.27347,bid,1756707632515
1756707633.1323016,107949.0,17.76537,bid,1756707632679
1756707633.1323016,107950.0,0.73364,ask,1756707632679
1756707633.152981,107950.0,0.70585,ask,1756707632770
1756707633.152981,107949.0,17.76537,bid,1756707632770
1756707633.3110662,107949.0,15.3109,bid,1756707632884
1756707633.3110662,107950.0,7.07858,ask,1756707632884
1756707633.418122,107949.0,14.52673,bid,1756707632954
1756707633.418122,107950.0,13.09416,ask,1756707632954
1756707633.5712707,107949.0,2.4633,bid,1756707633004
1756707633.5712707,107950.0,14.3974,ask,1756707633004
1756707633.7720363,107949.0,2.4633,bid,1756707633241
1756707633.7720363,107950.0,10.76554,ask,1756707633241
1756707633.8698158,107950.0,11.20702,ask,1756707633413
1756707633.8698158,107949.0,0.2633,bid,1756707633413
1756707634.2494946,107950.0,5.49384,ask,1756707633675
1756707634.2494946,107943.0,0.00011,bid,1756707633675
1756707634.432263,107943.0,0.00011,bid,1756707633781
1756707634.432263,107944.0,15.61702,ask,1756707633781
1756707634.5326576,107941.0,2.69587,bid,1756707633851
1756707634.5326576,107944.0,15.62985,ask,1756707633851
1756707634.5966537,107941.0,0.00011,bid,1756707634052
1756707634.5966537,107942.0,4.59231,ask,1756707634052
1756707634.616137,107941.0,0.00011,bid,1756707634181
1756707634.616137,107942.0,6.66451,ask,1756707634181
1756707634.6814964,107942.0,6.98778,ask,1756707634244
1756707634.6814964,107941.0,0.00011,bid,1756707634244
1756707634.802617,107942.0,22.13577,ask,1756707634382
1756707634.802617,107940.0,2.91889,bid,1756707634382
1756707634.8918128,107940.0,0.02903,bid,1756707634450
1756707634.8918128,107941.0,7.15886,ask,1756707634450
1756707634.9753053,107940.0,0.02903,bid,1756707634502
1756707634.9753053,107941.0,10.60104,ask,1756707634502
1756707635.0476785,107940.0,0.02903,bid,1756707634585
1756707635.0476785,107941.0,14.8936,ask,1756707634585
1756707635.2894723,107940.0,7.09344,bid,1756707634704
1756707635.2894723,107941.0,16.12022,ask,1756707634704
1756707635.3097892,107941.0,14.06823,ask,1756707634907
1756707635.3097892,107940.0,14.12902,bid,1756707634907
1756707635.4210846,107941.0,12.99496,ask,1756707634948
1756707635.4210846,107940.0,15.25361,bid,1756707634948
1756707635.4675918,107941.0,7.30083,ask,1756707634986
1756707635.4675918,107940.0,19.46011,bid,1756707634986
1756707635.5898752,107940.0,19.99275,bid,1756707635083
1756707635.5898752,107941.0,7.05083,ask,1756707635083
1756707635.624242,107940.0,19.99275,bid,1756707635187
1756707635.624242,107941.0,4.6632,ask,1756707635187
1756707635.7698634,107940.0,20.10275,bid,1756707635260
1756707635.7698634,107941.0,4.13993,ask,1756707635260
1756707635.938875,107940.0,20.02981,bid,1756707635371
1756707635.938875,107941.0,0.18397,ask,1756707635371
1756707636.1499228,107941.0,1.47418,ask,1756707635483
1756707636.1499228,107940.0,12.60866,bid,1756707635483
1756707636.2264414,107941.0,1.47418,ask,1756707635688
1756707636.2264414,107940.0,12.05866,bid,1756707635688
1756707636.4683518,107940.0,12.89229,bid,1756707635922
1756707636.4683518,107941.0,1.29021,ask,1756707635922
1756707636.4784117,107940.0,12.85523,bid,1756707635976
1756707636.4784117,107941.0,1.29021,ask,1756707635976
1756707636.7959442,107940.0,14.0014,bid,1756707636122
1756707636.7959442,107941.0,1.29021,ask,1756707636122
1756707636.7970488,107940.0,14.5572,bid,1756707636196
1756707636.7970488,107941.0,1.29032,ask,1756707636196
1756707637.0412428,107940.0,12.57495,bid,1756707636396
1756707637.0412428,107941.0,1.29032,ask,1756707636396
1756707637.2458954,107941.0,1.29032,ask,1756707636581
1756707637.2458954,107940.0,12.01898,bid,1756707636581
1756707637.2547345,107940.0,12.02398,bid,1756707636760
1756707637.2547345,107941.0,1.29032,ask,1756707636760
1756707637.485706,107940.0,13.18189,bid,1756707636991
1756707637.485706,107941.0,1.29032,ask,1756707636991
1756707637.612566,107940.0,13.22848,bid,1756707637119
1756707637.612566,107941.0,1.29032,ask,1756707637119
1756707637.879269,107940.0,12.67268,bid,1756707637308
1756707637.879269,107941.0,1.29032,ask,1756707637308
1756707638.0541055,107940.0,12.67268,bid,1756707637509
1756707638.0541055,107941.0,1.36097,ask,1756707637509
1756707638.4608212,107940.0,12.11688,bid,1756707637943
1756707638.4608212,107941.0,1.82447,ask,1756707637943
1756707638.6066184,107941.0,1.36097,ask,1756707638144
1756707638.6066184,107940.0,12.11188,bid,1756707638144
1756707638.7399113,107941.0,1.36097,ask,1756707638304
1756707638.7399113,107940.0,12.75824,bid,1756707638304
1756707638.884935,107940.0,12.20244,bid,1756707638430
1756707638.884935,107941.0,1.36097,ask,1756707638430
1756707639.0356102,107940.0,12.20244,bid,1756707638548
1756707639.0356102,107949.0,0.66637,ask,1756707638548
1756707639.0630896,107948.0,2.9,bid,1756707638651
1756707639.0630896,107949.0,3.16875,ask,1756707638651
1756707639.1684985,107948.0,2.9,bid,1756707638722
1756707639.1684985,107949.0,3.05814,ask,1756707638722
1756707639.6168914,107948.0,2.45,bid,1756707638956
1756707639.6168914,107949.0,14.31718,ask,1756707638956
1756707639.6531117,107948.0,2.45011,bid,1756707639158
1756707639.6531117,107949.0,9.21615,ask,1756707639158
1756707639.7971969,107948.0,5.37035,bid,1756707639317
1756707639.7971969,107949.0,9.21615,ask,1756707639317
1756707639.9634967,107948.0,6.90336,bid,1756707639419
1756707639.9634967,107949.0,9.24255,ask,1756707639419
1756707639.9748957,107948.0,0.25011,bid,1756707639561
1756707639.9748957,107949.0,10.53013,ask,1756707639561
1756707640.415355,107948.0,0.25011,bid,1756707639893
1756707640.415355,107949.0,13.30894,ask,1756707639893
1756707640.462007,107948.0,3.94795,bid,1756707640000
1756707640.462007,107949.0,13.63314,ask,1756707640000
1756707640.8255303,107948.0,2.90084,bid,1756707640312
1756707640.8255303,107949.0,21.246,ask,1756707640312
1756707640.850898,107949.0,23.88796,ask,1756707640477
1756707640.850898,107948.0,0.00011,bid,1756707640477
1756707640.9873316,107948.0,0.00011,bid,1756707640546
1756707640.9873316,107949.0,23.74902,ask,1756707640546
1756707641.0556726,107948.0,0.00011,bid,1756707640696
1756707641.0556726,107949.0,19.73397,ask,1756707640696
1756707641.1317697,107948.0,0.00011,bid,1756707640764
1756707641.1317697,107949.0,19.69691,ask,1756707640764
1756707641.3741193,107941.0,0.0467,bid,1756707640901
1756707641.3741193,107949.0,19.69691,ask,1756707640901
1756707641.4644864,107941.0,0.04659,bid,1756707640985
1756707641.4644864,107942.0,5.35793,ask,1756707640985
1756707641.5876997,107938.0,4e-05,bid,1756707641171
1756707641.5876997,107942.0,5.74489,ask,1756707641171
1756707641.727102,107939.0,0.31399,ask,1756707641299
1756707641.727102,107938.0,4e-05,bid,1756707641299
1756707641.735866,107938.0,4e-05,bid,1756707641390
1756707641.735866,107939.0,1.011,ask,1756707641390
1756707641.8041866,107937.0,0.00011,bid,1756707641489
1756707641.8041866,107939.0,2.45824,ask,1756707641489
1756707642.028119,107937.0,0.00011,bid,1756707641557
1756707642.028119,107938.0,9.03895,ask,1756707641557
1756707642.56628,107937.0,0.00011,bid,1756707641632
1756707642.56628,107938.0,10.9327,ask,1756707641632
1756707642.5664625,107938.0,35.57195,ask,1756707641785
1756707642.5664625,107937.0,0.00011,bid,1756707641785
1756707642.566621,107936.0,0.00011,bid,1756707641982
1756707642.566621,107938.0,45.36963,ask,1756707641982
1756707642.6303566,107937.0,15.0148,ask,1756707642034
1756707642.6303566,107936.0,0.00011,bid,1756707642034
1756707642.7106917,107935.0,0.92638,bid,1756707642098
1756707642.7106917,107937.0,18.79981,ask,1756707642098
1756707642.7108867,107933.0,0.03669,bid,1756707642269
1756707642.7108867,107936.0,6.78759,ask,1756707642269
1756707642.7530315,107933.0,0.03669,bid,1756707642379
1756707642.7530315,107934.0,3.42905,ask,1756707642379
1756707642.9682431,107933.0,0.03669,bid,1756707642536
1756707642.9682431,107934.0,8.76531,ask,1756707642536
1756707643.0457516,107934.0,17.72812,ask,1756707642602
1756707643.0457516,107933.0,0.96315,bid,1756707642602
1756707643.1045454,107934.0,23.22537,ask,1756707642686
1756707643.1045454,107933.0,1.1021,bid,1756707642686
1756707643.148984,107933.0,1.05352,bid,1756707642793
1756707643.148984,107934.0,25.28224,ask,1756707642793
1756707643.248271,107933.0,2.58207,bid,1756707642871
1756707643.248271,107934.0,17.00511,ask,1756707642871
1756707643.5147755,107933.0,5.86122,bid,1756707643059
1756707643.5147755,107934.0,8.19582,ask,1756707643059
1756707643.691568,107933.0,8.39796,bid,1756707643191
1756707643.691568,107934.0,5.23473,ask,1756707643191
1756707643.6917536,107934.0,0.08348,ask,1756707643280
1756707643.6917536,107933.0,14.96072,bid,1756707643280
1756707643.717366,107934.0,1.13896,ask,1756707643333
1756707643.717366,107933.0,18.99481,bid,1756707643333
1756707643.8086429,107933.0,19.20481,bid,1756707643415
1756707643.8086429,107934.0,1.13896,ask,1756707643415
1756707644.1550076,107933.0,18.76481,bid,1756707643696
1756707644.1550076,107934.0,1.13896,ask,1756707643696
1756707644.240314,107933.0,19.33997,bid,1756707643806
1756707644.240314,107934.0,1.13896,ask,1756707643806
1756707644.4162796,107933.0,20.73456,bid,1756707644005
1756707644.4162796,107934.0,1.13896,ask,1756707644005
1756707644.7585776,107934.0,1.13896,ask,1756707644301
1756707644.7585776,107933.0,20.78087,bid,1756707644301
1756707644.8363364,107934.0,1.13896,ask,1756707644427
1756707644.8363364,107933.0,20.89087,bid,1756707644427
1756707645.261464,107933.0,20.89087,bid,1756707644904
1756707645.261464,107934.0,1.13907,ask,1756707644904
1756707645.686209,107934.0,1.13907,ask,1756707645198
1756707645.686209,107933.0,20.88587,bid,1756707645198
1756707645.797647,107933.0,21.62482,bid,1756707645396
1756707645.797647,107934.0,1.13907,ask,1756707645396
1756707646.028951,107933.0,26.2308,bid,1756707645618
1756707646.028951,107934.0,1.13907,ask,1756707645618
1756707646.139315,107933.0,25.67497,bid,1756707645704
1756707646.139315,107934.0,0.00011,ask,1756707645704
1756707646.309712,107934.0,0.00011,ask,1756707645986
1756707646.309712,107933.0,25.67714,bid,1756707645986
1756707646.4277372,107933.0,25.68674,bid,1756707646108
1756707646.4277372,107934.0,0.00011,ask,1756707646108
1756707646.6004486,107952.0,0.13083,ask,1756707646164
1756707646.6004486,107933.0,23.00017,bid,1756707646164
1756707646.683261,107946.0,2.2133,bid,1756707646248
1756707646.683261,107951.0,0.55575,ask,1756707646248
1756707646.7929373,107949.0,0.75148,bid,1756707646410
1756707646.7929373,107952.0,1.26291,ask,1756707646410
1756707646.9420202,107951.0,1.26341,bid,1756707646537
1756707646.9420202,107953.0,0.09274,ask,1756707646537
1756707647.1349602,107952.0,6.5255,bid,1756707646649
1756707647.1349602,107953.0,0.09274,ask,1756707646649
1756707647.5147245,107953.0,0.24263,ask,1756707646715
1756707647.5147245,107952.0,10.69421,bid,1756707646715
1756707647.5295868,107952.0,37.62729,bid,1756707646916
1756707647.5295868,107953.0,1.41485,ask,1756707646916
1756707647.6068785,107953.0,3.35995,ask,1756707646977
1756707647.6068785,107952.0,41.02707,bid,1756707646977
1756707647.6137414,107952.0,46.51912,bid,1756707647118
1756707647.6137414,107953.0,6.83175,ask,1756707647118
1756707647.7209897,107952.0,46.98228,bid,1756707647177
1756707647.7209897,107953.0,6.83175,ask,1756707647177
1756707647.7211783,107952.0,44.98828,bid,1756707647237
1756707647.7211783,107953.0,9.77096,ask,1756707647237
1756707647.7733104,107953.0,9.80801,ask,1756707647389
1756707647.7733104,107952.0,35.45784,bid,1756707647389
1756707647.8544686,107952.0,27.42482,bid,1756707647484
1756707647.8544686,107953.0,9.91612,ask,1756707647484
1756707647.9424703,107953.0,9.94972,ask,1756707647518
1756707647.9424703,107952.0,17.1308,bid,1756707647518
1756707647.9925995,107953.0,12.39482,ask,1756707647597
1756707647.9925995,107952.0,12.13094,bid,1756707647597
1756707648.199333,107952.0,11.64702,bid,1756707647720
1756707648.199333,107953.0,14.22838,ask,1756707647720
1756707648.211232,107952.0,9.13702,bid,1756707647788
1756707648.211232,107953.0,12.28328,ask,1756707647788
1756707648.2369509,107953.0,12.74955,ask,1756707647889
1756707648.2369509,107952.0,9.13702,bid,1756707647889
1756707648.314722,107953.0,12.7866,ask,1756707647989
1756707648.314722,107952.0,9.13702,bid,1756707647989
1756707648.541275,107952.0,6.60172,bid,1756707648021
1756707648.541275,107953.0,12.7866,ask,1756707648021
1756707648.5629542,107953.0,9.86405,ask,1756707648191
1756707648.5629542,107952.0,6.60672,bid,1756707648191
1756707648.579026,107953.0,9.28496,ask,1756707648218
1756707648.579026,107952.0,5.61226,bid,1756707648218
1756707648.8051665,107952.0,1.84679,bid,1756707648416
1756707648.8051665,107953.0,5.50838,ask,1756707648416
1756707648.9245915,107952.0,1.93016,bid,1756707648520
1756707648.9245915,107953.0,5.52202,ask,1756707648520
1756707649.084456,107952.0,2.76375,bid,1756707648648
1756707649.084456,107953.0,6.44828,ask,1756707648648
1756707649.0998168,107953.0,6.86655,ask,1756707648725
1756707649.0998168,107952.0,2.85638,bid,1756707648725
1756707649.201359,107952.0,2.33786,bid,1756707648851
1756707649.201359,107953.0,7.02048,ask,1756707648851
1756707649.3371563,107952.0,2.31008,bid,1756707648987
1756707649.3371563,107953.0,7.02048,ask,1756707648987
1756707649.514814,107953.0,7.02048,ask,1756707649046
1756707649.514814,107952.0,2.30968,bid,1756707649046
1756707649.7102857,107952.0,1.87764,bid,1756707649244
1756707649.7102857,107953.0,2.55013,ask,1756707649244
1756707649.731512,107952.0,12.00025,bid,1756707649268
1756707649.731512,107953.0,2.29075,ask,1756707649268
1756707649.8041344,107953.0,2.29075,ask,1756707649439
1756707649.8041344,107952.0,12.00125,bid,1756707649439
1756707649.860926,107952.0,11.99625,bid,1756707649532
1756707649.860926,107953.0,2.2889,ask,1756707649532
1756707649.958705,107952.0,11.98699,bid,1756707649593
1756707649.958705,107953.0,2.2889,ask,1756707649593
1756707650.0969148,107953.0,2.32595,ask,1756707649720
1756707650.0969148,107952.0,12.42699,bid,1756707649720
1756707650.1671517,107953.0,2.44291,ask,1756707649789
1756707650.1671517,107952.0,9.7481,bid,1756707649789
1756707650.2653654,107952.0,7.08138,bid,1756707649877
1756707650.2653654,107953.0,2.44291,ask,1756707649877
1756707650.3986611,107953.0,2.44291,ask,1756707650054
1756707650.3986611,107952.0,7.06286,bid,1756707650054
1756707650.4450824,107952.0,7.66705,bid,1756707650062
1756707650.4450824,107953.0,2.44291,ask,1756707650062
1756707650.6039746,107952.0,9.14177,bid,1756707650117
1756707650.6039746,107953.0,2.40586,ask,1756707650117
1756707650.6339602,107952.0,9.14077,bid,1756707650217
1756707650.6339602,107953.0,2.40606,ask,1756707650217
1756707650.777602,107952.0,9.52623,bid,1756707650363
1756707650.777602,107953.0,2.41106,ask,1756707650363
1756707650.8419042,107953.0,2.57156,ask,1756707650518
1756707650.8419042,107952.0,3.82678,bid,1756707650518
1756707650.897363,107952.0,3.82678,bid,1756707650549
1756707650.897363,107956.0,0.29292,ask,1756707650549
1756707651.2783518,107956.0,0.98757,ask,1756707650749
1756707651.2783518,107955.0,19.88765,bid,1756707650749
1756707651.3717065,107955.0,25.79309,bid,1756707650917
1756707651.3717065,107956.0,2.03057,ask,1756707650917
1756707651.4118972,107955.0,27.32371,bid,1756707650947
1756707651.4118972,107956.0,2.03057,ask,1756707650947
1756707651.5383806,107955.0,19.03494,bid,1756707651156
1756707651.5383806,107956.0,3.02029,ask,1756707651156
1756707651.652949,107956.0,3.02029,ask,1756707651256
1756707651.652949,107955.0,12.83335,bid,1756707651256
1756707651.8191974,107955.0,12.83335,bid,1756707651317
1756707651.8191974,107956.0,3.61307,ask,1756707651317
1756707651.8289964,107956.0,3.68372,ask,1756707651437
1756707651.8289964,107955.0,15.36857,bid,1756707651437
1756707651.8690908,107955.0,11.93354,bid,1756707651518
1756707651.8690908,107956.0,3.128,ask,1756707651518
1756707651.9372785,107955.0,8.75892,bid,1756707651573
1756707651.9372785,107956.0,3.128,ask,1756707651573
1756707652.273098,107955.0,8.8357,bid,1756707651761
1756707652.273098,107956.0,3.20221,ask,1756707651761
1756707652.4172373,107955.0,9.27377,bid,1756707651889
1756707652.4172373,107956.0,3.20221,ask,1756707651889
1756707652.52112,107956.0,3.20221,ask,1756707652164
1756707652.52112,107955.0,9.3942,bid,1756707652164
1756707652.5757456,107956.0,1.51783,ask,1756707652255
1756707652.5757456,107955.0,9.3942,bid,1756707652255
1756707652.6714995,107956.0,1.51783,ask,1756707652331
1756707652.6714995,107955.0,9.25527,bid,1756707652331
1756707652.8884652,107955.0,9.25527,bid,1756707652475
1756707652.8884652,107956.0,2.68486,ask,1756707652475
1756707652.8998685,107955.0,11.94792,bid,1756707652617
1756707652.8998685,107956.0,2.05849,ask,1756707652617
1756707653.1276534,107955.0,11.94792,bid,1756707652767
1756707653.1276534,107956.0,2.61421,ask,1756707652767
1756707653.210603,107956.0,2.65126,ask,1756707652854
1756707653.210603,107955.0,9.70008,bid,1756707652854
1756707653.3109078,107955.0,6.78235,bid,1756707652931
1756707653.3109078,107956.0,2.65126,ask,1756707652931
1756707653.4228303,107955.0,6.78235,bid,1756707653066
1756707653.4228303,107956.0,2.72191,ask,1756707653066
1756707653.43063,107956.0,2.68486,ask,1756707653139
1756707653.43063,107955.0,6.3192,bid,1756707653139
1756707653.6295002,107955.0,6.3142,bid,1756707653268
1756707653.6295002,107957.0,0.23125,ask,1756707653268
1756707653.6692576,107956.0,3.12702,bid,1756707653336
1756707653.6692576,107957.0,0.23125,ask,1756707653336
1756707653.77347,107957.0,0.23125,ask,1756707653434
1756707653.77347,107956.0,3.72658,bid,1756707653434
1756707653.9260542,107956.0,6.02439,bid,1756707653480
1756707653.9260542,107957.0,0.55572,ask,1756707653480
1756707653.93773,107956.0,8.26539,bid,1756707653638
1756707653.93773,107957.0,0.68947,ask,1756707653638
1756707654.0752246,107957.0,1.75854,ask,1756707653692
1756707654.0752246,107956.0,14.0743,bid,1756707653692
1756707654.196225,107956.0,14.06186,bid,1756707653870
1756707654.196225,107957.0,1.88459,ask,1756707653870
1756707654.3097436,107956.0,14.04942,bid,1756707653941
1756707654.3097436,107957.0,2.23789,ask,1756707653941
1756707654.5516863,107956.0,16.7712,bid,1756707654119
1756707654.5516863,107957.0,1.71296,ask,1756707654119
1756707654.646428,107957.0,1.39671,ask,1756707654293
1756707654.646428,107956.0,18.3269,bid,1756707654293
1756707654.7491658,107956.0,17.81446,bid,1756707654352
1756707654.7491658,107957.0,1.41337,ask,1756707654352
1756707654.8458672,107956.0,17.80876,bid,1756707654450
1756707654.8458672,107957.0,0.85117,ask,1756707654450
1756707654.954447,107957.0,0.93847,ask,1756707654540
1756707654.954447,107956.0,17.80876,bid,1756707654540
1756707655.0185614,107956.0,17.80876,bid,1756707654597
1756707655.0185614,107957.0,2.5992,ask,1756707654597
1756707655.091306,107956.0,18.36448,bid,1756707654742
1756707655.091306,107957.0,2.6042,ask,1756707654742
1756707655.2301617,107957.0,2.20938,ask,1756707654880
1756707655.2301617,107956.0,17.97431,bid,1756707654880
1756707655.267691,107956.0,18.53002,bid,1756707654945
1756707655.267691,107957.0,1.73998,ask,1756707654945
1756707655.4756324,107956.0,18.53002,bid,1756707655053
1756707655.4756324,107957.0,1.73485,ask,1756707655053
1756707655.599533,107957.0,1.8056,ask,1756707655287
1756707655.599533,107956.0,18.53002,bid,1756707655287
1756707655.702532,107956.0,17.98934,bid,1756707655340
1756707655.702532,107957.0,1.8006,ask,1756707655340
1756707655.9504817,107956.0,17.98934,bid,1756707655547
1756707655.9504817,107957.0,2.26757,ask,1756707655547
1756707656.0410674,107957.0,1.8006,ask,1756707655668
1756707656.0410674,107956.0,17.98934,bid,1756707655668
1756707656.0939662,107957.0,1.8006,ask,1756707655742
1756707656.0939662,107956.0,17.99434,bid,1756707655742
1756707656.3024614,107956.0,16.90157,bid,1756707655947
1756707656.3024614,107957.0,1.8006,ask,1756707655947
1756707656.4562376,107957.0,1.8006,ask,1756707656074
1756707656.4562376,107956.0,17.45729,bid,1756707656074
1756707656.5748112,107956.0,17.45729,bid,1756707656141
1756707656.5748112,107957.0,2.27923,ask,1756707656141
1756707656.5856688,107956.0,18.01301,bid,1756707656203
1756707656.5856688,107957.0,2.27923,ask,1756707656203
1756707656.6202576,107956.0,17.45729,bid,1756707656274
1756707656.6202576,107957.0,2.27923,ask,1756707656274
1756707656.72398,107957.0,1.8006,ask,1756707656347
1756707656.72398,107956.0,17.95729,bid,1756707656347
1756707656.9193158,107956.0,17.95229,bid,1756707656544
1756707656.9193158,107957.0,1.8006,ask,1756707656544
1756707657.0589209,107956.0,18.00075,bid,1756707656681
1756707657.0589209,107957.0,1.8006,ask,1756707656681
1756707657.587283,107956.0,18.55575,bid,1756707656984
1756707657.587283,107957.0,1.8006,ask,1756707656984
1756707657.8323216,107957.0,1.72996,ask,1756707657235
1756707657.8323216,107956.0,23.27931,bid,1756707657235
1756707657.9551704,107956.0,21.89004,bid,1756707657590
1756707657.9551704,107957.0,1.72996,ask,1756707657590
1756707658.017677,107956.0,21.89004,bid,1756707657629
1756707658.017677,107957.0,2.19429,ask,1756707657629
1756707658.1568737,107956.0,21.89004,bid,1756707657706
1756707658.1568737,107957.0,1.72996,ask,1756707657706
1756707658.3196309,107956.0,22.02399,bid,1756707657934
1756707658.3196309,107957.0,1.8006,ask,1756707657934
1756707659.315879,107957.0,1.8006,ask,1756707658751
1756707659.315879,107956.0,22.01899,bid,1756707658751
1756707659.4715889,107957.0,1.80025,ask,1756707659036
1756707659.4715889,107956.0,22.01899,bid,1756707659036
1756707659.6133928,107956.0,22.02399,bid,1756707659135
1756707659.6133928,107957.0,1.80025,ask,1756707659135
1756707659.7004054,107956.0,21.93687,bid,1756707659240
1756707659.7004054,107957.0,1.76037,ask,1756707659240
1756707659.8511124,107956.0,21.43687,bid,1756707659358
1756707659.8511124,107957.0,1.2954,ask,1756707659358
1756707660.4423532,107956.0,21.0496,bid,1756707659956
1756707660.4423532,107957.0,1.75965,ask,1756707659956
1756707660.5507126,107957.0,1.2954,ask,1756707660043
1756707660.5507126,107956.0,21.0496,bid,1756707660043
1756707660.6290567,107957.0,1.26208,ask,1756707660162
1756707660.6290567,107956.0,23.02413,bid,1756707660162
1756707660.6960127,107957.0,1.19144,ask,1756707660246
1756707660.6960127,107956.0,24.26076,bid,1756707660246
1756707660.8258843,107956.0,26.69739,bid,1756707660357
1756707660.8258843,107957.0,1.19144,ask,1756707660357
1756707660.8800852,107956.0,26.58739,bid,1756707660443
1756707660.8800852,107957.0,1.19144,ask,1756707660443
1756707661.0209696,107956.0,26.68002,bid,1756707660557
1756707661.0209696,107957.0,1.19144,ask,1756707660557
1756707661.2819266,107956.0,26.81895,bid,1756707660851
1756707661.2819266,107957.0,1.19144,ask,1756707660851
1756707661.5164526,107957.0,1.19144,ask,1756707660996
1756707661.5164526,107956.0,30.15277,bid,1756707660996
1756707661.8156545,107956.0,30.15277,bid,1756707661051
1756707661.8156545,107957.0,0.00011,ask,1756707661051
1756707661.8564565,107957.0,0.00011,ask,1756707661204
1756707661.8564565,107956.0,30.15237,bid,1756707661204
1756707661.9585078,107956.0,30.15454,bid,1756707661513
1756707661.9585078,107957.0,0.00011,ask,1756707661513
1756707662.1344404,107956.0,30.15454,bid,1756707661680
1756707662.1344404,107960.0,0.0279,ask,1756707661680
1756707662.3105786,107959.0,20.40201,bid,1756707661740
1756707662.3105786,107965.0,0.00011,ask,1756707661740
1756707662.4436882,107967.0,0.01666,ask,1756707661851
1756707662.4436882,107964.0,6.60546,bid,1756707661851
1756707662.5240817,107967.0,0.01666,ask,1756707661995
1756707662.5240817,107966.0,1.88638,bid,1756707661995
1756707662.7296336,107967.0,0.01666,ask,1756707662087
1756707662.7296336,107966.0,4.98137,bid,1756707662087
1756707662.7454464,107966.0,6.49381,bid,1756707662283
1756707662.7454464,107967.0,0.01666,ask,1756707662283
1756707662.818445,107966.0,18.11804,bid,1756707662341
1756707662.818445,107967.0,0.01666,ask,1756707662341
1756707662.9488757,107966.0,29.09214,bid,1756707662612
1756707662.9488757,107967.0,0.01666,ask,1756707662612
1756707663.1060953,107966.0,41.00638,bid,1756707662688
1756707663.1060953,107967.0,0.01666,ask,1756707662688
1756707663.207451,107967.0,0.01666,ask,1756707662756
1756707663.207451,107966.0,38.66322,bid,1756707662756
1756707663.2739823,107967.0,0.01666,ask,1756707662807
1756707663.2739823,107966.0,39.58017,bid,1756707662807
1756707663.3482037,107967.0,0.08756,ask,1756707662891
1756707663.3482037,107966.0,43.24523,bid,1756707662891
1756707663.4000494,107966.0,40.74888,bid,1756707662979
1756707663.4000494,107967.0,0.08756,ask,1756707662979
1756707663.518982,107966.0,42.49482,bid,1756707663057
1756707663.518982,107967.0,0.41171,ask,1756707663057
1756707663.600011,107966.0,37.23056,bid,1756707663147
1756707663.600011,107967.0,0.41171,ask,1756707663147
1756707663.646595,107966.0,33.82908,bid,1756707663220
1756707663.646595,107967.0,0.41171,ask,1756707663220
1756707663.7112737,107966.0,34.01256,bid,1756707663293
1756707663.7112737,107967.0,0.41171,ask,1756707663293
1756707663.8923535,107966.0,34.56256,bid,1756707663400
1756707663.8923535,107967.0,0.41171,ask,1756707663400
1756707663.9078166,107966.0,31.34573,bid,1756707663566
1756707663.9078166,107967.0,0.08756,ask,1756707663566
1756707663.9569108,107966.0,31.33329,bid,1756707663584
1756707663.9569108,107967.0,0.08756,ask,1756707663584
1756707664.217188,107966.0,28.53004,bid,1756707663784
1756707664.217188,107967.0,0.08756,ask,1756707663784
1756707664.3227036,107966.0,28.5176,bid,1756707663863
1756707664.3227036,107967.0,0.08756,ask,1756707663863
1756707664.42215,107966.0,27.96194,bid,1756707663980
1756707664.42215,107967.0,0.08756,ask,1756707663980
1756707664.478573,107966.0,27.41194,bid,1756707664128
1756707664.478573,107967.0,0.08756,ask,1756707664128
1756707664.6075912,107967.0,0.08756,ask,1756707664201
1756707664.6075912,107966.0,27.41694,bid,1756707664201
1756707664.6833143,107966.0,26.86128,bid,1756707664269
1756707664.6833143,107967.0,0.08756,ask,1756707664269
1756707664.7788262,107966.0,26.36128,bid,1756707664343
1756707664.7788262,107967.0,0.08756,ask,1756707664343
1756707664.8890898,107966.0,26.13198,bid,1756707664424
1756707664.8890898,107967.0,0.08756,ask,1756707664424
1756707664.9685946,107966.0,24.95136,bid,1756707664482
1756707664.9685946,107967.0,0.08756,ask,1756707664482
1756707665.120235,107966.0,24.81634,bid,1756707664586
1756707665.120235,107967.0,0.08756,ask,1756707664586
1756707665.1299365,107967.0,0.94263,ask,1756707664677
1756707665.1299365,107966.0,16.88368,bid,1756707664677
1756707665.1955469,107967.0,0.94263,ask,1756707664778
1756707665.1955469,107966.0,15.58698,bid,1756707664778
1756707665.271313,107966.0,15.40172,bid,1756707664891
1756707665.271313,107967.0,2.07423,ask,1756707664891
1756707665.4926949,107966.0,15.24024,bid,1756707664945
1756707665.4926949,107967.0,1.56488,ask,1756707664945
1756707665.49388,107966.0,18.0186,bid,1756707665001
1756707665.49388,107967.0,0.27278,ask,1756707665001
1756707665.630666,107966.0,19.87083,bid,1756707665164
1756707665.630666,107967.0,1.38436,ask,1756707665164
1756707665.808688,107967.0,1.52327,ask,1756707665322
1756707665.808688,107966.0,19.03714,bid,1756707665322
1756707665.8780265,107967.0,1.52622,ask,1756707665441
1756707665.8780265,107966.0,16.25878,bid,1756707665441
1756707666.0954163,107966.0,16.25378,bid,1756707665584
1756707666.0954163,107967.0,1.52622,ask,1756707665584
1756707666.1637475,107966.0,16.25378,bid,1756707665690
1756707666.1637475,107967.0,1.52327,ask,1756707665690
1756707666.1875713,107966.0,14.40155,bid,1756707665803
1756707666.1875713,107967.0,1.84773,ask,1756707665803
1756707666.3514798,107966.0,14.40155,bid,1756707665882
1756707666.3514798,107967.0,1.38436,ask,1756707665882
1756707666.414641,107967.0,1.33805,ask,1756707665957
1756707666.414641,107966.0,14.40155,bid,1756707665957
1756707666.657662,107966.0,14.49683,bid,1756707666110
1756707666.657662,107967.0,1.80145,ask,1756707666110
1756707666.814003,107966.0,14.49683,bid,1756707666457
1756707666.814003,107967.0,1.84776,ask,1756707666457
1756707667.304257,107966.0,14.63574,bid,1756707666862
1756707667.304257,107967.0,1.84776,ask,1756707666862
1756707667.4622087,107966.0,16.48796,bid,1756707666909
1756707667.4622087,107967.0,1.38436,ask,1756707666909
1756707667.4698057,107966.0,16.34905,bid,1756707667024
1756707667.4698057,107967.0,1.80229,ask,1756707667024
1756707667.6536868,107966.0,16.34405,bid,1756707667164
1756707667.6536868,107967.0,1.80229,ask,1756707667164
1756707667.776887,107966.0,16.48296,bid,1756707667307
1756707667.776887,107967.0,1.80235,ask,1756707667307
1756707667.7879107,107966.0,16.60506,bid,1756707667368
1756707667.7879107,107967.0,1.80235,ask,1756707667368
1756707667.9822483,107966.0,16.46615,bid,1756707667593
1756707667.9822483,107967.0,1.80235,ask,1756707667593
1756707668.182941,107966.0,16.97566,bid,1756707667734
1756707668.182941,107967.0,1.80235,ask,1756707667734
1756707668.1883757,107966.0,17.62375,bid,1756707667798
1756707668.1883757,107967.0,1.84866,ask,1756707667798
1756707668.386657,107966.0,15.77653,bid,1756707667931
1756707668.386657,107967.0,1.84866,ask,1756707667931
1756707668.601569,107966.0,16.33237,bid,1756707668106
1756707668.601569,107967.0,1.84866,ask,1756707668106
1756707669.0436327,107966.0,16.33237,bid,1756707668602
1756707669.0436327,107967.0,2.34866,ask,1756707668602
1756707669.24514,107967.0,2.30235,ask,1756707668810
1756707669.24514,107966.0,16.33237,bid,1756707668810
1756707669.29836,107966.0,16.24026,bid,1756707668878
1756707669.29836,107967.0,1.80235,ask,1756707668878
1756707669.51189,107966.0,16.23526,bid,1756707669079
1756707669.51189,107967.0,1.80235,ask,1756707669079
1756707669.621415,107966.0,16.23526,bid,1756707669228
1756707669.621415,107967.0,1.84866,ask,1756707669228
1756707669.9070718,107966.0,16.24026,bid,1756707669479
1756707669.9070718,107967.0,1.84866,ask,1756707669479
1756707670.677977,107966.0,16.24026,bid,1756707670284
1756707670.677977,107967.0,1.80826,ask,1756707670284
1756707671.0047417,107967.0,1.80826,ask,1756707670647
1756707671.0047417,107966.0,16.23526,bid,1756707670647
1756707671.4850693,107967.0,1.80826,ask,1756707671050
1756707671.4850693,107966.0,16.24026,bid,1756707671050
1756707671.9771743,107966.0,16.24026,bid,1756707671662
1756707671.9771743,107970.0,0.54541,ask,1756707671662
1756707672.0822058,107969.0,6.88295,bid,1756707671716
1756707672.0822058,107970.0,0.54541,ask,1756707671716
1756707672.344372,107969.0,11.61965,bid,1756707671865
1756707672.344372,107970.0,2.19581,ask,1756707671865
1756707672.5612705,107969.0,11.34025,bid,1756707671922
1756707672.5612705,107970.0,2.21201,ask,1756707671922
1756707672.6832445,107970.0,1.71201,ask,1756707672065
1756707672.6832445,107969.0,11.97938,bid,1756707672065
1756707672.7441256,107970.0,1.7398,ask,1756707672169
1756707672.7441256,107969.0,12.20168,bid,1756707672169
1756707672.74943,107969.0,12.22018,bid,1756707672264
1756707672.74943,107970.0,4.61658,ask,1756707672264
1756707672.760631,107969.0,10.12058,bid,1756707672324
1756707672.760631,107970.0,4.64437,ask,1756707672324
1756707672.914922,107969.0,10.30795,bid,1756707672477
1756707672.914922,107970.0,4.64437,ask,1756707672477
1756707672.923814,107969.0,10.28307,bid,1756707672533
1756707672.923814,107970.0,4.61658,ask,1756707672533
1756707673.0583344,107970.0,4.64437,ask,1756707672688
1756707673.0583344,107969.0,8.89394,bid,1756707672688
1756707673.0948238,107970.0,4.77073,ask,1756707672742
1756707673.0948238,107969.0,8.84531,bid,1756707672742
1756707673.2475114,107970.0,4.77073,ask,1756707672883
1756707673.2475114,107969.0,8.85031,bid,1756707672883
1756707673.2952907,107969.0,10.23944,bid,1756707672944
1756707673.2952907,107970.0,4.84814,ask,1756707672944
1756707673.5691545,107969.0,10.23943,bid,1756707673086
1756707673.5691545,107970.0,2.33843,ask,1756707673086
1756707673.6165826,107969.0,10.22094,bid,1756707673289
1756707673.6165826,107970.0,2.33843,ask,1756707673289
1756707673.6978798,107969.0,6.36751,bid,1756707673369
1756707673.6978798,107970.0,2.28285,ask,1756707673369
1756707673.8540452,107970.0,2.28285,ask,1756707673488
1756707673.8540452,107969.0,6.50642,bid,1756707673488
1756707673.9239814,107969.0,6.50642,bid,1756707673578
1756707673.9239814,107970.0,1.7222,ask,1756707673578
1756707674.014473,107969.0,6.50642,bid,1756707673690
1756707674.014473,107970.0,1.74999,ask,1756707673690
1756707674.1002407,107969.0,6.50642,bid,1756707673735
1756707674.1002407,107970.0,1.83347,ask,1756707673735
1756707674.2925396,107969.0,10.00182,bid,1756707673892
1756707674.2925396,107970.0,1.79946,ask,1756707673892
1756707674.3912892,107969.0,10.36123,bid,1756707673979
1756707674.3912892,107970.0,1.79946,ask,1756707673979
1756707674.6080608,107969.0,10.36123,bid,1756707674094
1756707674.6080608,107970.0,1.71609,ask,1756707674094
1756707674.730593,107969.0,10.36123,bid,1756707674179
1756707674.730593,107970.0,1.6883,ask,1756707674179
1756707674.792016,107969.0,6.50142,bid,1756707674442
1756707674.792016,107970.0,1.6883,ask,1756707674442
1756707674.8325536,107970.0,1.74388,ask,1756707674496
1756707674.8325536,107969.0,6.48292,bid,1756707674496
1756707675.0845523,107969.0,11.32849,bid,1756707674749
1756707675.0845523,107970.0,1.77167,ask,1756707674749
1756707675.2278783,107969.0,11.18528,bid,1756707674895
1756707675.2278783,107970.0,1.74388,ask,1756707674895
1756707675.3009114,107969.0,6.48292,bid,1756707674953
1756707675.3009114,107970.0,1.71609,ask,1756707674953
1756707675.4239342,107969.0,6.50142,bid,1756707675094
1756707675.4239342,107970.0,1.71609,ask,1756707675094
1756707675.5823815,107970.0,2.12999,ask,1756707675154
1756707675.5823815,107969.0,13.08793,bid,1756707675154
1756707675.678168,107969.0,18.36517,bid,1756707675309
1756707675.678168,107970.0,1.62202,ask,1756707675309
1756707675.7487798,107970.0,1.32567,ask,1756707675372
1756707675.7487798,107969.0,23.00785,bid,1756707675372
1756707675.905897,107969.0,24.39697,bid,1756707675506
1756707675.905897,107970.0,1.21788,ask,1756707675506
1756707676.2745247,107969.0,24.80197,bid,1756707675706
1756707676.2745247,107970.0,1.20122,ask,1756707675706
1756707676.4232955,107969.0,25.64325,bid,1756707675802
1756707676.4232955,107970.0,1.20122,ask,1756707675802
1756707676.4425962,107970.0,1.20122,ask,1756707675975
1756707676.4425962,107969.0,25.68956,bid,1756707675975
1756707676.4573338,107969.0,25.68956,bid,1756707676115
1756707676.4573338,107970.0,1.22901,ask,1756707676115
1756707676.6288116,107970.0,1.20122,ask,1756707676204
1756707676.6288116,107969.0,25.68956,bid,1756707676204
1756707676.7250595,107969.0,25.82847,bid,1756707676282
1756707676.7250595,107970.0,1.20122,ask,1756707676282
1756707676.9773457,107969.0,26.81415,bid,1756707676468
1756707676.9773457,107970.0,1.20122,ask,1756707676468
1756707677.1651366,107969.0,26.81875,bid,1756707676771
1756707677.1651366,107970.0,1.17343,ask,1756707676771
1756707677.6164906,107969.0,26.81592,bid,1756707676938
1756707677.6164906,107970.0,1.17343,ask,1756707676938
1756707677.7113748,107970.0,1.19966,ask,1756707677163
1756707677.7113748,107969.0,26.8511,bid,1756707677163
1756707677.7823353,107970.0,0.00248,ask,1756707677304
1756707677.7823353,107969.0,30.18501,bid,1756707677304
1756707677.9818747,107969.0,30.70548,bid,1756707677409
1756707677.9818747,107970.0,0.00248,ask,1756707677409
1756707678.13652,107969.0,30.71048,bid,1756707677707
1756707678.13652,107970.0,0.00248,ask,1756707677707
1756707678.7441037,107969.0,30.80309,bid,1756707678014
1756707678.7441037,107970.0,0.00248,ask,1756707678014
1756707678.826601,107974.0,14.74001,bid,1756707678155
1756707678.826601,107975.0,0.00011,ask,1756707678155
1756707678.8370926,107975.0,0.00011,ask,1756707678213
1756707678.8370926,107974.0,21.91837,bid,1756707678213
1756707679.0863256,107974.0,54.04801,bid,1756707678619
1756707679.0863256,107975.0,0.00011,ask,1756707678619
1756707679.1821983,107975.0,0.00011,ask,1756707678662
1756707679.1821983,107974.0,57.75993,bid,1756707678662
1756707679.239475,107974.0,58.91213,bid,1756707678870
1756707679.239475,107975.0,0.00011,ask,1756707678870
1756707679.2991538,107974.0,59.42052,bid,1756707678934
1756707679.2991538,107975.0,0.00011,ask,1756707678934
1756707679.465706,107974.0,64.84867,bid,1756707679002
1756707679.465706,107977.0,0.10183,ask,1756707679002
1756707679.5354211,107976.0,14.08701,bid,1756707679067
1756707679.5354211,107977.0,0.10183,ask,1756707679067
1756707679.58003,107977.0,0.10194,ask,1756707679189
1756707679.58003,107976.0,21.96985,bid,1756707679189
1756707679.680843,107977.0,0.10194,ask,1756707679347
1756707679.680843,107976.0,30.20227,bid,1756707679347
1756707679.7898877,107976.0,51.41775,bid,1756707679436
1756707679.7898877,107977.0,0.10194,ask,1756707679436
1756707679.878985,107976.0,59.24401,bid,1756707679494
1756707679.878985,107977.0,0.10194,ask,1756707679494
1756707679.938667,107976.0,54.9325,bid,1756707679549
1756707679.938667,107977.0,0.10194,ask,1756707679549
1756707680.0808794,107976.0,46.67644,bid,1756707679646
1756707680.0808794,107977.0,0.10194,ask,1756707679646
1756707680.1613522,107977.0,0.10194,ask,1756707679760
1756707680.1613522,107976.0,45.66421,bid,1756707679760
1756707680.2107582,107977.0,0.10194,ask,1756707679874
1756707680.2107582,107976.0,45.40198,bid,1756707679874
1756707680.3007238,107977.0,0.10194,ask,1756707679959
1756707680.3007238,107976.0,43.46077,bid,1756707679959
1756707680.4133878,107976.0,43.44854,bid,1756707680019
1756707680.4133878,107977.0,0.10194,ask,1756707680019
1756707680.4807768,107976.0,43.38368,bid,1756707680076
1756707680.4807768,107977.0,0.10194,ask,1756707680076
1756707680.639997,107976.0,43.12222,bid,1756707680230
1756707680.639997,107977.0,0.10194,ask,1756707680230
1756707680.9658892,107977.0,0.10194,ask,1756707680500
1756707680.9658892,107976.0,44.55064,bid,1756707680500
1756707681.0169475,107977.0,0.10194,ask,1756707680563
1756707681.0169475,107976.0,45.81502,bid,1756707680563
1756707681.21179,107977.0,0.10194,ask,1756707680703
1756707681.21179,107976.0,45.77921,bid,1756707680703
1756707681.2700424,107976.0,45.78112,bid,1756707680779
1756707681.2700424,107977.0,0.10194,ask,1756707680779
1756707681.37256,107976.0,48.11354,bid,1756707680902
1756707681.37256,107977.0,0.10194,ask,1756707680902
1756707681.5163102,107976.0,48.56511,bid,1756707681003
1756707681.5163102,107977.0,0.10194,ask,1756707681003
1756707681.7322598,107977.0,29.11679,bid,1756707681313
1756707681.7322598,107980.0,0.00026,ask,1756707681313
1756707681.9743314,107984.0,0.00011,ask,1756707681468
1756707681.9743314,107979.0,6.76845,bid,1756707681468
1756707682.0010808,107983.0,3.15293,bid,1756707681526
1756707682.0010808,107984.0,0.00011,ask,1756707681526
1756707682.013476,107983.0,8.07308,bid,1756707681587
1756707682.013476,107985.0,0.05011,ask,1756707681587
1756707682.0834625,107985.0,0.05011,ask,1756707681676
1756707682.0834625,107984.0,1.03352,bid,1756707681676
1756707682.3909278,107984.0,9.45824,bid,1756707681828
1756707682.3909278,107985.0,0.05011,ask,1756707681828
1756707682.7163017,107984.0,17.46599,bid,1756707682020
1756707682.7163017,107989.0,0.0054,ask,1756707682020
1756707682.7921586,107988.0,8.49373,bid,1756707682196
1756707682.7921586,107989.0,0.0054,ask,1756707682196
1756707683.1710243,107993.0,0.00011,ask,1756707682461
1756707683.1710243,107992.0,1.71223,bid,1756707682461
1756707683.3537834,107992.0,5.76633,bid,1756707682598
1756707683.3537834,107993.0,0.00011,ask,1756707682598
1756707683.353942,107993.0,0.00011,ask,1756707682685
1756707683.353942,107992.0,7.52109,bid,1756707682685
1756707683.3540127,107992.0,9.32417,bid,1756707682734
1756707683.3540127,107993.0,0.00011,ask,1756707682734
1756707683.4121895,107992.0,31.65517,bid,1756707682866
1756707683.4121895,107993.0,0.00011,ask,1756707682866
1756707683.6372535,107992.0,34.67082,bid,1756707682937
1756707683.6372535,107993.0,0.00011,ask,1756707682937
1756707683.731346,107993.0,0.00011,ask,1756707683080
1756707683.731346,107992.0,40.19646,bid,1756707683080
1756707683.9414828,107992.0,46.92758,bid,1756707683311
1756707683.9414828,107996.0,0.00102,ask,1756707683311
1756707683.9415746,107992.0,46.91778,bid,1756707683402
1756707683.9415746,108000.0,0.04454,ask,1756707683402
1756707684.258979,108000.0,0.04443,ask,1756707683496
1756707684.258979,107999.0,5.18327,bid,1756707683496
1756707684.5203326,107999.0,10.50107,bid,1756707683697
1756707684.5203326,108000.0,0.04443,ask,1756707683697
1756707684.5429852,107999.0,34.98879,bid,1756707683946
1756707684.5429852,108000.0,0.04443,ask,1756707683946
1756707684.8125706,108000.0,0.04443,ask,1756707684249
1756707684.8125706,107999.0,42.6549,bid,1756707684249
1756707684.8858771,108000.0,0.04443,ask,1756707684393
1756707684.8858771,107999.0,46.91456,bid,1756707684393
1756707685.0893707,107999.0,50.18274,bid,1756707684529
1756707685.0893707,108000.0,0.04454,ask,1756707684529
1756707685.2973628,108000.0,0.04454,ask,1756707684653
1756707685.2973628,107999.0,49.96207,bid,1756707684653
1756707685.431148,108000.0,0.04454,ask,1756707684848
1756707685.431148,107999.0,48.75799,bid,1756707684848
1756707685.451624,107999.0,47.89232,bid,1756707684965
1756707685.451624,108000.0,0.04454,ask,1756707684965
1756707685.6442091,107999.0,47.7817,bid,1756707685031
1756707685.6442091,108000.0,0.0394,ask,1756707685031
1756707685.800171,107999.0,51.24376,bid,1756707685259
1756707685.800171,108000.0,0.0394,ask,1756707685259
1756707685.911733,108000.0,0.0394,ask,1756707685425
1756707685.911733,107999.0,49.02553,bid,1756707685425
1756707686.054015,107999.0,51.64029,bid,1756707685567
1756707686.054015,108000.0,0.0394,ask,1756707685567
1756707686.139377,108001.0,0.00047,ask,1756707685652
1756707686.139377,108000.0,9.8696,bid,1756707685652
1756707686.1527514,108001.0,0.00047,ask,1756707685770
1756707686.1527514,108000.0,33.50623,bid,1756707685770
1756707686.3758795,108000.0,52.62973,bid,1756707685851
1756707686.3758795,108002.0,0.00021,ask,1756707685851
1756707686.3974495,108001.0,3.83463,bid,1756707685904
1756707686.3974495,108002.0,0.00021,ask,1756707685904
1756707686.5367725,108002.0,0.00021,ask,1756707686036
1756707686.5367725,108001.0,7.47982,bid,1756707686036
1756707686.7337437,108003.0,6.62238,bid,1756707686355
1756707686.7337437,108004.0,0.00011,ask,1756707686355
1756707686.812148,108003.0,14.4942,bid,1756707686411
1756707686.812148,108004.0,0.00011,ask,1756707686411
1756707686.8770075,108003.0,21.4522,bid,1756707686500
1756707686.8770075,108005.0,0.00011,ask,1756707686500
1756707686.999097,108005.0,0.00011,ask,1756707686611
1756707686.999097,108004.0,9.26451,bid,1756707686611
1756707687.180484,108004.0,18.42914,bid,1756707686687
1756707687.180484,108012.0,0.0004,ask,1756707686687
1756707687.3152068,108019.0,1.26167,ask,1756707686812
1756707687.3152068,108004.0,17.30075,bid,1756707686812
1756707687.3712225,108018.0,0.34626,bid,1756707686882
1756707687.3712225,108019.0,1.23891,ask,1756707686882
1756707687.6750174,108018.0,3.64131,bid,1756707687028
1756707687.6750174,108019.0,1.23891,ask,1756707687028
1756707687.793748,108018.0,8.66044,bid,1756707687164
1756707687.793748,108019.0,1.23891,ask,1756707687164
1756707687.7939105,108019.0,1.23891,ask,1756707687225
1756707687.7939105,108018.0,19.30568,bid,1756707687225
1756707687.983646,108018.0,32.31615,bid,1756707687490
1756707687.983646,108019.0,1.23902,ask,1756707687490
1756707688.036847,108018.0,32.536,bid,1756707687581
1756707688.036847,108019.0,1.23902,ask,1756707687581
1756707688.1512084,108019.0,1.23902,ask,1756707687631
1756707688.1512084,108018.0,32.36162,bid,1756707687631
1756707688.2127895,108019.0,1.23902,ask,1756707687782
1756707688.2127895,108018.0,32.34939,bid,1756707687782
1756707688.3505106,108018.0,32.75211,bid,1756707687896
1756707688.3505106,108019.0,1.23902,ask,1756707687896
1756707688.3682673,108019.0,1.23902,ask,1756707687982
1756707688.3682673,108018.0,32.82161,bid,1756707687982
1756707688.4971876,108018.0,32.62386,bid,1756707688036
1756707688.4971876,108019.0,1.23887,ask,1756707688036
1756707688.532993,108018.0,32.25333,bid,1756707688190
1756707688.532993,108019.0,1.23887,ask,1756707688190
1756707688.6085396,108018.0,32.06816,bid,1756707688251
1756707688.6085396,108019.0,1.10002,ask,1756707688251
1756707688.699099,108019.0,1.23887,ask,1756707688357
1756707688.699099,108018.0,31.74401,bid,1756707688357
1756707688.9444528,108018.0,31.37345,bid,1756707688507
1756707688.9444528,108019.0,1.23887,ask,1756707688507
1756707688.971772,108018.0,30.37315,bid,1756707688592
1756707688.971772,108019.0,1.23887,ask,1756707688592
1756707689.0649135,108018.0,27.9945,bid,1756707688646
1756707689.0649135,108019.0,1.23887,ask,1756707688646
1756707689.5554273,108018.0,27.9945,bid,1756707689078
1756707689.5554273,108019.0,1.2848,ask,1756707689078
1756707689.815796,108019.0,1.2848,ask,1756707689416
1756707689.815796,108018.0,27.9995,bid,1756707689416
1756707690.0137174,108018.0,27.9995,bid,1756707689553
1756707690.0137174,108041.0,0.71031,ask,1756707689553
1756707690.0635605,108041.0,0.71031,ask,1756707689662
1756707690.0635605,108031.0,1.4402,bid,1756707689662
1756707690.0916913,108031.0,1.4402,bid,1756707689711
1756707690.0916913,108033.0,0.92555,ask,1756707689711
1756707690.1422014,108031.0,0.5,bid,1756707689790
1756707690.1422014,108033.0,0.92555,ask,1756707689790
1756707690.1853485,108031.0,0.95,bid,1756707689851
1756707690.1853485,108033.0,0.92555,ask,1756707689851
1756707690.2479482,108032.0,0.09447,ask,1756707689912
1756707690.2479482,108031.0,2.59133,bid,1756707689912
1756707697.6848729,108031.0,3.65863,bid,1756707697010
1756707697.6848729,108032.0,2.49955,ask,1756707697010
1756707697.9183333,108032.0,8.30597,ask,1756707697084
1756707697.9183333,108031.0,1.42412,bid,1756707697084
1756707698.0512564,108031.0,0.92457,bid,1756707697235
1756707698.0512564,108032.0,8.53841,ask,1756707697235
1756707698.0526614,108031.0,0.92457,bid,1756707697360
1756707698.0526614,108032.0,6.07763,ask,1756707697360
1756707698.0527291,108031.0,3.45801,bid,1756707697504
1756707698.0527291,108032.0,2.75063,ask,1756707697504
1756707698.0528352,108032.0,2.75063,ask,1756707697634
1756707698.0528352,108031.0,4.84633,bid,1756707697634
1756707698.1971931,108032.0,2.75063,ask,1756707697688
1756707698.1971931,108031.0,2.3129,bid,1756707697688
1756707698.3532135,108032.0,3.07458,ask,1756707697833
1756707698.3532135,108031.0,3.53532,bid,1756707697833
1756707698.4485338,108032.0,3.79964,ask,1756707697951
1756707698.4485338,108031.0,2.23955,bid,1756707697951
1756707698.5126584,108031.0,1.01713,bid,1756707698097
1756707698.5126584,108032.0,3.79964,ask,1756707698097
1756707698.5552487,108031.0,1.01713,bid,1756707698152
1756707698.5552487,108032.0,4.72519,ask,1756707698152
1756707698.59996,108031.0,1.01713,bid,1756707698246
1756707698.59996,108032.0,4.72019,ask,1756707698246
1756707698.8217993,108032.0,7.49686,ask,1756707698336
1756707698.8217993,108031.0,1.01713,bid,1756707698336
1756707698.9937558,108031.0,3.55057,bid,1756707698568
1756707698.9937558,108032.0,7.49686,ask,1756707698568
1756707699.0241446,108031.0,5.04486,bid,1756707698640
1756707699.0241446,108032.0,7.49686,ask,1756707698640
1756707699.1196542,108032.0,8.88519,ask,1756707698708
1756707699.1196542,108031.0,2.51142,bid,1756707698708
1756707699.2695267,108031.0,0.92457,bid,1756707698840
1756707699.2695267,108032.0,8.88519,ask,1756707698840
1756707699.5931413,108031.0,0.92457,bid,1756707699109
1756707699.5931413,108032.0,8.89019,ask,1756707699109
1756707699.6377387,108031.0,0.00011,bid,1756707699222
1756707699.6377387,108032.0,8.89019,ask,1756707699222
1756707699.956592,108032.0,8.89019,ask,1756707699521
1756707699.956592,108031.0,0.37633,bid,1756707699521
1756707700.021842,108031.0,4.31093,bid,1756707699575
1756707700.021842,108032.0,9.94552,ask,1756707699575
1756707700.2028506,108032.0,9.94552,ask,1756707699728
1756707700.2028506,108031.0,4.31082,bid,1756707699728
1756707700.2752972,108031.0,4.31082,bid,1756707699793
1756707700.2752972,108032.0,9.94052,ask,1756707699793
1756707700.3464038,108031.0,5.23637,bid,1756707699926
1756707700.3464038,108032.0,9.94052,ask,1756707699926
1756707700.5494506,108031.0,2.70293,bid,1756707699976
1756707700.5494506,108032.0,9.94052,ask,1756707699976
1756707700.5495143,108032.0,9.94052,ask,1756707700031
1756707700.5495143,108031.0,0.92555,bid,1756707700031
1756707700.5598855,108026.0,0.96225,bid,1756707700177
1756707700.5598855,108032.0,10.65557,ask,1756707700177
1756707700.5903516,108027.0,2.29515,ask,1756707700269
1756707700.5903516,108026.0,0.96225,bid,1756707700269
1756707700.6469574,108026.0,0.96236,bid,1756707700326
1756707700.6469574,108027.0,10.29515,ask,1756707700326
1756707700.7535586,108026.0,0.0368,bid,1756707700378
1756707700.7535586,108027.0,12.89515,ask,1756707700378
1756707700.8175025,108026.0,0.0368,bid,1756707700439
1756707700.8175025,108027.0,14.89378,ask,1756707700439
1756707700.9466314,108027.0,25.78142,ask,1756707700579
1756707700.9466314,108026.0,0.00011,bid,1756707700579
1756707700.988459,108027.0,25.60519,ask,1756707700602
1756707700.988459,108026.0,0.00011,bid,1756707700602
1756707701.1683576,108026.0,0.00011,bid,1756707700742
1756707701.1683576,108027.0,23.94519,ask,1756707700742
1756707701.2280314,108027.0,20.59519,ask,1756707700804
1756707701.2280314,108026.0,0.00011,bid,1756707700804
1756707701.559394,108026.0,0.00011,bid,1756707700981
1756707701.559394,108027.0,21.54523,ask,1756707700981
1756707701.6531534,108026.0,0.00011,bid,1756707701045
1756707701.6531534,108027.0,21.47826,ask,1756707701045
1756707701.6533742,108026.0,0.00011,bid,1756707701183
1756707701.6533742,108027.0,21.56892,ask,1756707701183
1756707701.7869384,108027.0,21.56892,ask,1756707701410
1756707701.7869384,108023.0,0.00011,bid,1756707701410
1756707701.8997798,108021.0,0.03669,bid,1756707701534
1756707701.8997798,108024.0,19.89157,ask,1756707701534
1756707702.0746906,108022.0,5.85507,ask,1756707701588
1756707702.0746906,108021.0,0.03669,bid,1756707701588
1756707702.1035244,108021.0,0.03669,bid,1756707701655
1756707702.1035244,108022.0,7.92379,ask,1756707701655
1756707702.11543,108021.0,0.03669,bid,1756707701736
1756707702.11543,108022.0,12.05628,ask,1756707701736
1756707702.1495,108021.0,0.03669,bid,1756707701789
1756707702.1495,108022.0,21.26883,ask,1756707701789
1756707702.1915135,108021.0,0.03669,bid,1756707701852
1756707702.1915135,108022.0,32.09876,ask,1756707701852
1756707702.2845614,108021.0,2.94875,bid,1756707701937
1756707702.2845614,108022.0,34.70986,ask,1756707701937
1756707702.2988596,108021.0,4.31516,bid,1756707701989
1756707702.2988596,108022.0,34.71096,ask,1756707701989
1756707702.4401784,108022.0,30.27245,ask,1756707702044
1756707702.4401784,108021.0,4.31516,bid,1756707702044
1756707702.6353714,108021.0,5.24079,bid,1756707702135
1756707702.6353714,108022.0,23.04918,ask,1756707702135
1756707702.666891,108021.0,5.24079,bid,1756707702200
1756707702.666891,108022.0,19.33135,ask,1756707702200
1756707703.069327,108021.0,2.91206,bid,1756707702262
1756707703.069327,108022.0,19.50454,ask,1756707702262
1756707703.0694225,108020.0,0.00011,bid,1756707702353
1756707703.0694225,108022.0,21.25404,ask,1756707702353
1756707703.0695171,108021.0,17.11759,ask,1756707702400
1756707703.0695171,108020.0,0.00011,bid,1756707702400
1756707703.1908505,108020.0,0.00011,bid,1756707702612
1756707703.1908505,108021.0,38.98689,ask,1756707702612
1756707703.3387003,108021.0,67.83886,ask,1756707702812
1756707703.3387003,108020.0,0.00011,bid,1756707702812
1756707703.3639216,108020.0,0.00011,bid,1756707702862
1756707703.3639216,108021.0,72.64645,ask,1756707702862
1756707703.3760374,108020.0,0.00011,bid,1756707702946
1756707703.3760374,108021.0,62.66598,ask,1756707702946
1756707703.5020332,108020.0,0.00011,bid,1756707703071
1756707703.5020332,108021.0,62.67595,ask,1756707703071
1756707703.6687057,108018.0,0.00011,bid,1756707703173
1756707703.6687057,108021.0,35.65304,ask,1756707703173
1756707703.7706394,108019.0,20.31366,ask,1756707703235
1756707703.7706394,108014.0,0.04701,bid,1756707703235
1756707703.8879066,108015.0,5.83863,ask,1756707703416
1756707703.8879066,108014.0,0.04701,bid,1756707703416
1756707703.9101777,108014.0,0.04701,bid,1756707703472
1756707703.9101777,108015.0,9.25003,ask,1756707703472
1756707704.1087673,108014.0,2.94913,bid,1756707703674
1756707704.1087673,108015.0,13.20969,ask,1756707703674
1756707704.2470837,108014.0,0.17208,bid,1756707703882
1756707704.2470837,108015.0,21.88257,ask,1756707703882
1756707704.30122,108014.0,0.17208,bid,1756707703960
1756707704.30122,108015.0,20.96869,ask,1756707703960
1756707704.5001943,108015.0,21.04269,ask,1756707704074
1756707704.5001943,108014.0,7.11467,bid,1756707704074
1756707704.788275,108015.0,18.56199,ask,1756707704255
1756707704.788275,108014.0,7.20495,bid,1756707704255
1756707704.824708,108015.0,18.56199,ask,1756707704382
1756707704.824708,108014.0,4.42784,bid,1756707704382
1756707704.8338232,108014.0,4.289,bid,1756707704492
1756707704.8338232,108015.0,18.56199,ask,1756707704492
1756707704.9032402,108014.0,4.289,bid,1756707704563
1756707704.9032402,108015.0,18.91188,ask,1756707704563
1756707704.9450862,108014.0,2.43761,bid,1756707704625
1756707704.9450862,108015.0,16.52615,ask,1756707704625
1756707705.1695662,108014.0,2.53019,bid,1756707704748
1756707705.1695662,108015.0,13.74867,ask,1756707704748
1756707705.3218522,108015.0,14.26538,ask,1756707704887
1756707705.3218522,108014.0,2.53019,bid,1756707704887
1756707705.3615303,108014.0,2.43761,bid,1756707704990
1756707705.3615303,108015.0,14.26538,ask,1756707704990
1756707705.5846567,108014.0,2.53019,bid,1756707705151
1756707705.5846567,108015.0,14.58938,ask,1756707705151
1756707705.6491966,108014.0,2.53019,bid,1756707705300
1756707705.6491966,108015.0,14.6835,ask,1756707705300
1756707705.770128,108014.0,2.43761,bid,1756707705378
1756707705.770128,108015.0,14.6835,ask,1756707705378
1756707705.9467049,108014.0,2.43761,bid,1756707705628
1756707705.9467049,108015.0,15.66769,ask,1756707705628
1756707706.0121338,108014.0,2.53019,bid,1756707705629
1756707706.0121338,108015.0,15.597,ask,1756707705629
1756707706.3518205,108015.0,15.66769,ask,1756707705901
1756707706.3518205,108014.0,2.43761,bid,1756707705901
1756707706.381739,108015.0,15.66769,ask,1756707706026
1756707706.381739,108014.0,2.53019,bid,1756707706026
1756707706.4179995,108014.0,4.84469,bid,1756707706099
1756707706.4179995,108015.0,15.52132,ask,1756707706099
1756707706.537459,108014.0,7.83781,bid,1756707706161
1756707706.537459,108015.0,15.52132,ask,1756707706161
1756707706.5670576,108014.0,7.74523,bid,1756707706234
1756707706.5670576,108015.0,15.52132,ask,1756707706234
1756707706.6256266,108014.0,7.74523,bid,1756707706304
1756707706.6256266,108015.0,15.52632,ask,1756707706304
1756707706.717479,108014.0,2.43761,bid,1756707706360
1756707706.717479,108015.0,15.52632,ask,1756707706360
1756707706.8249562,108015.0,15.01378,ask,1756707706432
1756707706.8249562,108014.0,2.53019,bid,1756707706432
1756707706.8966424,108015.0,14.58402,ask,1756707706560
1756707706.8966424,108014.0,2.53019,bid,1756707706560
1756707706.9802914,108014.0,2.43761,bid,1756707706634
1756707706.9802914,108015.0,15.13944,ask,1756707706634
1756707707.2800329,108014.0,1.14171,bid,1756707706906
1756707707.2800329,108015.0,15.13444,ask,1756707706906
1756707707.4474003,108014.0,1.14171,bid,1756707707038
1756707707.4474003,108015.0,15.13288,ask,1756707707038
1756707707.4870262,108014.0,2.53026,bid,1756707707107
1756707707.4870262,108015.0,15.13288,ask,1756707707107
1756707707.6109395,108015.0,15.13288,ask,1756707707175
1756707707.6109395,108014.0,2.43225,bid,1756707707175
1756707707.654302,108015.0,14.28331,ask,1756707707239
1756707707.654302,108014.0,2.43225,bid,1756707707239
1756707708.08536,108014.0,4.06308,bid,1756707707365
1756707708.08536,108015.0,14.28331,ask,1756707707365
1756707708.0871315,108014.0,5.76227,bid,1756707707530
1756707708.0871315,108015.0,15.20901,ask,1756707707530
1756707708.22372,108014.0,1.13628,bid,1756707707643
1756707708.22372,108015.0,17.98613,ask,1756707707643
1756707708.2237976,108014.0,1.13628,bid,1756707707721
1756707708.2237976,108015.0,18.04211,ask,1756707707721
1756707708.2238653,108014.0,1.13628,bid,1756707707790
1756707708.2238653,108015.0,15.26499,ask,1756707707790
1756707708.2239332,108015.0,15.26999,ask,1756707707842
1756707708.2239332,108014.0,1.13628,bid,1756707707842
1756707708.3479564,108014.0,2.52483,bid,1756707707990
1756707708.3479564,108015.0,15.26999,ask,1756707707990
1756707708.666399,108014.0,2.52483,bid,1756707708320
1756707708.666399,108015.0,15.28664,ask,1756707708320
1756707708.6954277,108014.0,2.51171,bid,1756707708391
1756707708.6954277,108015.0,15.28664,ask,1756707708391
1756707708.8770945,108014.0,2.51171,bid,1756707708516
1756707708.8770945,108015.0,13.31577,ask,1756707708516
1756707709.0158782,108014.0,2.65056,bid,1756707708598
1756707709.0158782,108015.0,12.76035,ask,1756707708598
1756707709.060367,108014.0,2.65056,bid,1756707708715
1756707709.060367,108015.0,12.68966,ask,1756707708715
1756707709.269183,108015.0,14.01454,ask,1756707708916
1756707709.269183,108014.0,7.89604,bid,1756707708916
1756707709.3187244,108015.0,14.01954,ask,1756707708999
1756707709.3187244,108014.0,7.89604,bid,1756707708999
1756707709.4284515,108014.0,7.89563,bid,1756707709058
1756707709.4284515,108015.0,14.01954,ask,1756707709058
1756707709.5857575,108014.0,7.89563,bid,1756707709118
1756707709.5857575,108015.0,14.09019,ask,1756707709118
1756707709.8163383,108014.0,7.27864,bid,1756707709440
1756707709.8163383,108015.0,13.81099,ask,1756707709440
1756707709.9601803,108014.0,4.50154,bid,1756707709521
1756707709.9601803,108015.0,13.41134,ask,1756707709521
1756707710.197826,108014.0,4.92675,bid,1756707709826
1756707710.197826,108015.0,13.69054,ask,1756707709826
1756707710.2285645,108014.0,9.70413,bid,1756707709935
1756707710.2285645,108015.0,13.03067,ask,1756707709935
1756707710.4111247,108014.0,7.03537,bid,1756707710014
1756707710.4111247,108015.0,13.10131,ask,1756707710014
1756707710.6978805,108014.0,4.50154,bid,1756707710149
1756707710.6978805,108015.0,13.1011,ask,1756707710149
1756707710.8135693,108014.0,4.50154,bid,1756707710260
1756707710.8135693,108015.0,13.1061,ask,1756707710260
1756707710.940964,108014.0,4.50154,bid,1756707710430
1756707710.940964,108015.0,13.03546,ask,1756707710430
1756707711.1096437,108014.0,9.59314,bid,1756707710683
1756707711.1096437,108015.0,12.57111,ask,1756707710683
1756707711.236053,108014.0,7.27864,bid,1756707710756
1756707711.236053,108015.0,12.64175,ask,1756707710756
1756707711.2932937,108015.0,7.70708,ask,1756707710866
1756707711.2932937,108014.0,14.12573,bid,1756707710866
1756707711.3728635,108014.0,17.19662,bid,1756707710948
1756707711.3728635,108015.0,5.5157,ask,1756707710948
1756707711.6024053,108014.0,20.71147,bid,1756707711064
1756707711.6024053,108015.0,3.31417,ask,1756707711064
1756707711.7246618,108014.0,20.63648,bid,1756707711261
1756707711.7246618,108015.0,3.23853,ask,1756707711261
1756707711.7462094,108014.0,20.84648,bid,1756707711353
1756707711.7462094,108015.0,3.23853,ask,1756707711353
1756707711.8854706,108014.0,23.16098,bid,1756707711417
1756707711.8854706,108015.0,3.23853,ask,1756707711417
1756707711.9944663,108014.0,23.16098,bid,1756707711579
1756707711.9944663,108015.0,2.73973,ask,1756707711579
1756707712.0860572,108015.0,2.23973,ask,1756707711672
1756707712.0860572,108014.0,21.77246,bid,1756707711672
1756707712.478759,108014.0,21.57246,bid,1756707712050
1756707712.478759,108015.0,2.04473,ask,1756707712050
1756707712.5553696,108014.0,21.57246,bid,1756707712118
1756707712.5553696,108015.0,1.95215,ask,1756707712118
1756707713.3641143,108014.0,18.24537,bid,1756707712676
1756707713.3641143,108015.0,1.95215,ask,1756707712676
1756707713.5979488,108014.0,17.68995,bid,1756707712994
1756707713.5979488,108015.0,1.94715,ask,1756707712994
1756707713.598141,108015.0,1.94715,ask,1756707713187
1756707713.598141,108014.0,17.13454,bid,1756707713187
1756707713.6899483,108014.0,17.68996,bid,1756707713324
1756707713.6899483,108015.0,1.94715,ask,1756707713324
1756707713.883217,108015.0,1.94715,ask,1756707713458
1756707713.883217,108014.0,17.18585,bid,1756707713458
1756707714.0937035,108014.0,17.74127,bid,1756707713531
1756707714.0937035,108015.0,1.94715,ask,1756707713531
1756707714.1521847,108014.0,17.18585,bid,1756707713795
1756707714.1521847,108015.0,1.94715,ask,1756707713795
1756707714.1891892,108014.0,17.28041,bid,1756707713865
1756707714.1891892,108015.0,1.94715,ask,1756707713865
1756707714.2730763,108015.0,1.94715,ask,1756707713926
1756707714.2730763,108014.0,17.83583,bid,1756707713926
1756707714.51167,108015.0,1.94715,ask,1756707714127
1756707714.51167,108014.0,17.28041,bid,1756707714127
1756707714.5293682,108015.0,1.94715,ask,1756707714203
1756707714.5293682,108014.0,17.83583,bid,1756707714203
1756707714.8521326,108015.0,1.94715,ask,1756707714398
1756707714.8521326,108014.0,17.81783,bid,1756707714398
1756707714.8678153,108014.0,18.37325,bid,1756707714479
1756707714.8678153,108015.0,1.94715,ask,1756707714479
1756707715.117774,108014.0,17.82283,bid,1756707714677
1756707715.117774,108015.0,1.94715,ask,1756707714677
1756707715.189357,108014.0,20.59995,bid,1756707714880
1756707715.189357,108015.0,1.94715,ask,1756707714880
1756707715.5038686,108015.0,1.94202,ask,1756707715089
1756707715.5038686,108014.0,21.15537,bid,1756707715089
1756707715.992771,108014.0,21.75366,bid,1756707715573
1756707715.992771,108015.0,1.47728,ask,1756707715573
1756707716.3030396,108014.0,21.20366,bid,1756707715808
1756707716.3030396,108015.0,2.40927,ask,1756707715808
1756707716.4714882,108015.0,1.94048,ask,1756707716001
1756707716.4714882,108014.0,21.20366,bid,1756707716001
1756707716.6323698,108014.0,21.7857,bid,1756707716195
1756707716.6323698,108015.0,1.47728,ask,1756707716195
1756707716.873868,108014.0,21.2357,bid,1756707716457
1756707716.873868,108015.0,1.47728,ask,1756707716457
1756707717.1745496,108014.0,21.20366,bid,1756707716726
1756707717.1745496,108015.0,1.47728,ask,1756707716726
1756707717.2484536,108015.0,1.47728,ask,1756707716801
1756707717.2484536,108014.0,21.20826,bid,1756707716801
1756707717.4958954,108014.0,21.75826,bid,1756707717004
1756707717.4958954,108015.0,1.47728,ask,1756707717004
1756707718.338138,108015.0,1.9409,ask,1756707717846
1756707718.338138,108014.0,21.75826,bid,1756707717846
1756707718.5626404,108014.0,21.20826,bid,1756707717976
1756707718.5626404,108015.0,1.47728,ask,1756707717976
1756707718.5701437,108014.0,21.20326,bid,1756707718107
1756707718.5701437,108015.0,1.94334,ask,1756707718107
1756707718.7400825,108014.0,21.20826,bid,1756707718373
1756707718.7400825,108015.0,1.94334,ask,1756707718373
1756707718.866174,108015.0,1.94141,ask,1756707718448
1756707718.866174,108014.0,21.20826,bid,1756707718448
1756707719.5324214,108014.0,21.20826,bid,1756707719056
1756707719.5324214,108015.0,1.94107,ask,1756707719056
1756707719.7150433,108014.0,21.20826,bid,1756707719259
1756707719.7150433,108015.0,1.47694,ask,1756707719259
1756707719.985315,108015.0,1.47694,ask,1756707719575
1756707719.985315,108014.0,23.2568,bid,1756707719575
1756707720.128291,108014.0,23.2518,bid,1756707719721
1756707720.128291,108015.0,1.47694,ask,1756707719721
1756707720.278362,108014.0,23.32679,bid,1756707719807
1756707720.278362,108015.0,1.47694,ask,1756707719807
1756707720.5245025,108015.0,1.47694,ask,1756707720059
1756707720.5245025,108014.0,23.72679,bid,1756707720059
1756707720.7854738,108015.0,1.47694,ask,1756707720271
1756707720.7854738,108014.0,24.28319,bid,1756707720271
1756707720.997295,108014.0,24.28319,bid,1756707720463
1756707720.997295,108015.0,1.47236,ask,1756707720463
1756707721.1653578,108015.0,1.47236,ask,1756707720683
1756707721.1653578,108014.0,23.23319,bid,1756707720683
1756707721.4465911,108014.0,22.83536,bid,1756707720877
1756707721.4465911,108015.0,1.47236,ask,1756707720877
1756707721.636942,108014.0,22.83536,bid,1756707721225
1756707721.636942,108015.0,1.44946,ask,1756707721225
1756707721.739126,108014.0,23.33536,bid,1756707721311
1756707721.739126,108015.0,1.44946,ask,1756707721311
1756707721.9805806,108014.0,21.94682,bid,1756707721434
1756707721.9805806,108015.0,1.44946,ask,1756707721434
1756707722.176118,108015.0,1.44946,ask,1756707721677
1756707722.176118,108014.0,21.94182,bid,1756707721677
1756707722.563994,108015.0,1.44946,ask,1756707722035
1756707722.563994,108014.0,21.94682,bid,1756707722035
1756707722.6925683,108014.0,21.94879,bid,1756707722175
1756707722.6925683,108015.0,1.44946,ask,1756707722175
1756707722.7290254,108014.0,22.49879,bid,1756707722284
1756707722.7290254,108015.0,1.44946,ask,1756707722284
1756707723.4652576,108014.0,22.89879,bid,1756707722979
1756707723.4652576,108015.0,1.44946,ask,1756707722979
1756707723.697778,108014.0,24.28734,bid,1756707723081
1756707723.697778,108015.0,1.44946,ask,1756707723081
1756707724.214007,108015.0,1.44946,ask,1756707723680
1756707724.214007,108014.0,24.28234,bid,1756707723680
1756707724.314966,108014.0,24.28234,bid,1756707723845
1756707724.314966,108015.0,0.70418,ask,1756707723845
1756707724.7259028,108015.0,0.70418,ask,1756707724185
1756707724.7259028,108014.0,24.28734,bid,1756707724185
1756707724.8165774,108014.0,24.28734,bid,1756707724388
1756707724.8165774,108017.0,0.00011,ask,1756707724388
1756707724.8357542,108016.0,6.9992,bid,1756707724455
1756707724.8357542,108017.0,0.00011,ask,1756707724455
1756707724.961684,108016.0,10.01678,bid,1756707724588
1756707724.961684,108017.0,0.00011,ask,1756707724588
1756707725.0687869,108017.0,0.00011,ask,1756707724639
1756707725.0687869,108016.0,13.60248,bid,1756707724639
1756707725.2460003,108016.0,35.51757,bid,1756707724822
1756707725.2460003,108017.0,0.00011,ask,1756707724822
1756707725.340103,108017.0,0.00011,ask,1756707724932
1756707725.340103,108016.0,34.6347,bid,1756707724932
1756707725.4187202,108016.0,31.44042,bid,1756707724992
1756707725.4187202,108018.0,0.01665,ask,1756707724992
1756707725.5010698,108017.0,11.8483,bid,1756707725050
1756707725.5010698,108018.0,0.01665,ask,1756707725050
1756707725.713143,108017.0,22.19392,bid,1756707725192
1756707725.713143,108018.0,0.01665,ask,1756707725192
1756707725.821692,108017.0,32.00088,bid,1756707725322
1756707725.821692,108018.0,0.01665,ask,1756707725322
1756707725.8691728,108018.0,0.01665,ask,1756707725393
1756707725.8691728,108017.0,49.16026,bid,1756707725393
1756707725.9489896,108017.0,44.11731,bid,1756707725480
1756707725.9489896,108018.0,0.01665,ask,1756707725480
1756707725.9991486,108018.0,0.01665,ask,1756707725651
1756707725.9991486,108017.0,39.64441,bid,1756707725651
1756707726.1143107,108017.0,37.51282,bid,1756707725720
1756707726.1143107,108018.0,0.01665,ask,1756707725720
1756707726.2760077,108017.0,35.19314,bid,1756707725788
1756707726.2760077,108018.0,0.01665,ask,1756707725788
1756707726.3467767,108017.0,33.16671,bid,1756707725888
1756707726.3467767,108018.0,0.01676,ask,1756707725888
1756707726.855675,108017.0,33.16671,bid,1756707726289
1756707726.855675,108018.0,0.0166,ask,1756707726289
1756707727.0259397,108017.0,33.21302,bid,1756707726522
1756707727.0259397,108018.0,0.0166,ask,1756707726522
1756707727.5855918,108017.0,33.21802,bid,1756707727176
1756707727.5855918,108018.0,0.0166,ask,1756707727176
1756707727.6714163,108017.0,32.66802,bid,1756707727290
1756707727.6714163,108018.0,0.0166,ask,1756707727290
1756707728.4537373,108017.0,20.47195,bid,1756707727504
1756707728.4537373,108018.0,0.0166,ask,1756707727504
1756707728.453833,108017.0,20.45346,bid,1756707727610
1756707728.453833,108018.0,0.0166,ask,1756707727610
1756707728.45393,108017.0,21.03231,bid,1756707727751
1756707728.45393,108018.0,0.0166,ask,1756707727751
1756707728.6277883,108017.0,21.02771,bid,1756707728110
1756707728.6277883,108018.0,0.06288,ask,1756707728110
1756707728.8340766,108018.0,0.06288,ask,1756707728342
1756707728.8340766,108017.0,21.11938,bid,1756707728342
1756707728.8545249,108018.0,0.06288,ask,1756707728448
1756707728.8545249,108017.0,21.11438,bid,1756707728448
1756707729.00295,108018.0,0.06288,ask,1756707728598
1756707729.00295,108017.0,21.10204,bid,1756707728598
1756707729.0617776,108018.0,0.06288,ask,1756707728664
1756707729.0617776,108017.0,21.10704,bid,1756707728664
1756707729.1668618,108017.0,21.15533,bid,1756707728799
1756707729.1668618,108018.0,0.06288,ask,1756707728799
1756707729.1953025,108017.0,21.15533,bid,1756707728854
1756707729.1953025,108018.0,0.0166,ask,1756707728854
1756707729.5494308,108017.0,21.15533,bid,1756707729000
1756707729.5494308,108018.0,1.24077,ask,1756707729000
1756707729.8228104,108017.0,20.71533,bid,1756707729336
1756707729.8228104,108018.0,1.24077,ask,1756707729336
1756707730.0827315,108018.0,1.28705,ask,1756707729535
1756707730.0827315,108017.0,20.71033,bid,1756707729535
1756707730.3897665,108017.0,20.71533,bid,1756707729939
1756707730.3897665,108018.0,1.28705,ask,1756707729939
1756707730.5593562,108018.0,1.05782,ask,1756707730080
1756707730.5593562,108017.0,20.71533,bid,1756707730080
1756707731.4875138,108017.0,20.71033,bid,1756707731091
1756707731.4875138,108018.0,1.05782,ask,1756707731091
1756707731.705011,108017.0,20.71033,bid,1756707731321
1756707731.705011,108018.0,1.01154,ask,1756707731321
1756707731.7458062,108017.0,21.26574,bid,1756707731369
1756707731.7458062,108018.0,1.01154,ask,1756707731369
1756707731.8652089,108018.0,1.01154,ask,1756707731499
1756707731.8652089,108017.0,20.71533,bid,1756707731499
1756707732.7333078,108017.0,20.46754,bid,1756707732300
1756707732.7333078,108018.0,1.52174,ask,1756707732300
1756707732.7445896,108018.0,5.91882,ask,1756707732379
1756707732.7445896,108017.0,9.02167,bid,1756707732379
1756707733.2508736,108017.0,3.06085,bid,1756707732597
1756707733.2508736,108018.0,8.22594,ask,1756707732597
1756707733.251099,108017.0,4.49074,bid,1756707732721
1756707733.251099,108018.0,3.07844,ask,1756707732721
1756707733.5150428,108017.0,3.29754,bid,1756707733139
1756707733.5150428,108018.0,2.84715,ask,1756707733139
1756707733.5550208,108018.0,2.34715,ask,1756707733206
1756707733.5550208,108017.0,2.79754,bid,1756707733206
1756707733.6662972,108017.0,2.70997,bid,1756707733326
1756707733.6662972,108018.0,2.9876,ask,1756707733326
1756707733.7709482,108018.0,2.77581,ask,1756707733383
1756707733.7709482,108017.0,2.70997,bid,1756707733383
1756707733.967728,108017.0,2.80146,bid,1756707733589
1756707733.967728,108018.0,2.77581,ask,1756707733589
1756707734.050462,108017.0,2.80146,bid,1756707733714
1756707734.050462,108018.0,2.63696,ask,1756707733714
1756707734.1180558,108017.0,2.80146,bid,1756707733812
1756707734.1180558,108018.0,2.96095,ask,1756707733812
1756707734.433093,108017.0,4.16341,bid,1756707734001
1756707734.433093,108018.0,2.96095,ask,1756707734001
1756707734.656631,108018.0,2.73939,ask,1756707734185
1756707734.656631,108017.0,7.11373,bid,1756707734185
1756707734.716012,108017.0,7.11373,bid,1756707734320
1756707734.716012,108018.0,2.87824,ask,1756707734320
1756707734.842137,108018.0,3.59415,ask,1756707734422
1756707734.842137,108017.0,2.80146,bid,1756707734422
1756707734.944786,108017.0,2.94031,bid,1756707734518
1756707734.944786,108018.0,2.89989,ask,1756707734518
1756707735.0772786,108017.0,7.56364,bid,1756707734625
1756707735.0772786,108018.0,2.4154,ask,1756707734625
1756707735.1310506,108017.0,7.42479,bid,1756707734721
1756707735.1310506,108018.0,2.4154,ask,1756707734721
1756707735.2131402,108018.0,7.36781,ask,1756707734834
1756707735.2131402,108017.0,2.33379,bid,1756707734834
1756707735.273269,108017.0,0.39097,bid,1756707734928
1756707735.273269,108018.0,11.63201,ask,1756707734928
1756707735.429773,108018.0,12.07744,ask,1756707734979
1756707735.429773,108017.0,0.2984,bid,1756707734979
1756707735.7175045,108017.0,0.2984,bid,1756707735147
1756707735.7175045,108018.0,13.73033,ask,1756707735147
1756707735.7175925,108017.0,0.97407,bid,1756707735198
1756707735.7175925,108018.0,10.95329,ask,1756707735198
1756707735.7501884,108017.0,0.97407,bid,1756707735342
1756707735.7501884,108018.0,9.56477,ask,1756707735342
1756707735.8289669,108018.0,8.40767,ask,1756707735436
1756707735.8289669,108017.0,0.97407,bid,1756707735436
1756707736.0437834,108018.0,6.18602,ask,1756707735674
1756707736.0437834,108016.0,0.00011,bid,1756707735674
1756707736.1557262,108017.0,19.23493,ask,1756707735809
1756707736.1557262,108016.0,0.00011,bid,1756707735809
1756707736.226756,108017.0,54.56924,ask,1756707735876
1756707736.226756,108016.0,0.92574,bid,1756707735876
1756707736.4334168,108016.0,5.55419,bid,1756707736015
1756707736.4334168,108017.0,25.09635,ask,1756707736015
1756707736.5074627,108016.0,2.77712,bid,1756707736066
1756707736.5074627,108017.0,17.26967,ask,1756707736066
1756707736.741587,108016.0,2.31318,bid,1756707736353
1756707736.741587,108017.0,11.05304,ask,1756707736353
1756707736.7424457,108016.0,6.9416,bid,1756707736415
1756707736.7424457,108017.0,7.80164,ask,1756707736415
1756707736.8021302,108017.0,5.62084,ask,1756707736471
1756707736.8021302,108016.0,7.19147,bid,1756707736471
1756707736.98162,108017.0,4.07288,ask,1756707736588
1756707736.98162,108016.0,10.65282,bid,1756707736588
1756707737.1219492,108016.0,21.50047,bid,1756707736759
1756707737.1219492,108017.0,1.54207,ask,1756707736759
1756707737.182622,108016.0,21.8834,bid,1756707736813
1756707737.182622,108017.0,1.92829,ask,1756707736813
1756707737.352492,108016.0,21.8834,bid,1756707736961
1756707737.352492,108017.0,1.46191,ask,1756707736961
1756707737.494048,108016.0,21.8834,bid,1756707737062
1756707737.494048,108017.0,1.46034,ask,1756707737062
1756707737.6217847,108017.0,0.25011,ask,1756707737164
1756707737.6217847,108016.0,22.09543,bid,1756707737164
1756707737.763822,108016.0,23.10543,bid,1756707737265
1756707737.763822,108017.0,0.25511,ask,1756707737265
1756707738.022389,108016.0,23.10543,bid,1756707737466
1756707738.022389,108017.0,0.00511,ask,1756707737466
1756707738.8108375,108018.0,0.95935,ask,1756707738279
1756707738.8108375,108016.0,23.10543,bid,1756707738279
1756707738.8382676,108017.0,37.95379,bid,1756707738384
1756707738.8382676,108018.0,0.95935,ask,1756707738384
1756707738.9228897,108017.0,56.4823,bid,1756707738483
1756707738.9228897,108018.0,0.95935,ask,1756707738483
1756707738.9673858,108018.0,0.95935,ask,1756707738586
1756707738.9673858,108017.0,62.02406,bid,1756707738586
1756707739.0706687,108017.0,88.30664,bid,1756707738683
1756707739.0706687,108018.0,0.95935,ask,1756707738683
1756707739.2124724,108017.0,81.35103,bid,1756707738805
1756707739.2124724,108018.0,0.95924,ask,1756707738805
1756707739.2743552,108018.0,0.95924,ask,1756707738890
1756707739.2743552,108017.0,61.75995,bid,1756707738890
1756707739.3296835,108017.0,34.38123,bid,1756707738987
1756707739.3296835,108018.0,0.95924,ask,1756707738987
1756707739.4928384,108017.0,28.68653,bid,1756707739084
1756707739.4928384,108018.0,0.95924,ask,1756707739084
1756707739.627262,108017.0,27.83816,bid,1756707739202
1756707739.627262,108018.0,0.95924,ask,1756707739202
1756707739.8488717,108018.0,0.95924,ask,1756707739491
1756707739.8488717,108017.0,27.46761,bid,1756707739491
1756707739.8992157,108017.0,27.51392,bid,1756707739570
1756707739.8992157,108018.0,0.95924,ask,1756707739570
1756707740.1410327,108017.0,21.04265,bid,1756707739770
1756707740.1410327,108018.0,1.42268,ask,1756707739770
1756707740.2878532,108018.0,1.97809,ask,1756707739826
1756707740.2878532,108017.0,14.49582,bid,1756707739826
1756707740.334934,108017.0,15.19007,bid,1756707739972
1756707740.334934,108018.0,1.58318,ask,1756707739972
1756707740.420237,108017.0,15.19007,bid,1756707740060
1756707740.420237,108018.0,1.54785,ask,1756707740060
1756707740.5239782,108018.0,1.38735,ask,1756707740174
1756707740.5239782,108017.0,19.81849,bid,1756707740174
1756707740.6596708,108017.0,19.82441,bid,1756707740274
1756707740.6596708,108018.0,1.43363,ask,1756707740274
1756707740.8137574,108017.0,19.92063,bid,1756707740335
1756707740.8137574,108018.0,1.43363,ask,1756707740335
1756707740.8716486,108018.0,1.43363,ask,1756707740396
1756707740.8716486,108017.0,19.93912,bid,1756707740396
1756707740.8717744,108018.0,1.43363,ask,1756707740474
1756707740.8717744,108017.0,19.92063,bid,1756707740474
1756707740.953884,108017.0,19.92563,bid,1756707740594
1756707740.953884,108018.0,1.43363,ask,1756707740594
1756707741.0166972,108017.0,16.13029,bid,1756707740673
1756707741.0166972,108018.0,1.43363,ask,1756707740673
1756707741.1182108,108018.0,1.43363,ask,1756707740758
1756707741.1182108,108017.0,16.70418,bid,1756707740758
1756707741.2284243,108017.0,16.68569,bid,1756707740809
1756707741.2284243,108018.0,1.43363,ask,1756707740809
1756707741.332766,108017.0,19.46274,bid,1756707740876
1756707741.332766,108018.0,1.43363,ask,1756707740876
1756707741.3328242,108018.0,1.43363,ask,1756707740954
1756707741.3328242,108017.0,19.44425,bid,1756707740954
1756707741.736821,108018.0,1.43363,ask,1756707741355
1756707741.736821,108017.0,19.46274,bid,1756707741355
1756707742.0737262,108017.0,19.46206,bid,1756707741691
1756707742.0737262,108018.0,1.43363,ask,1756707741691
1756707742.4303696,108018.0,1.43363,ask,1756707741876
1756707742.4303696,108017.0,19.43857,bid,1756707741876
1756707742.5677931,108017.0,19.06861,bid,1756707741963
1756707742.5677931,108018.0,1.38735,ask,1756707741963
1756707742.658248,108017.0,19.62402,bid,1756707742181
1756707742.658248,108018.0,1.38735,ask,1756707742181
1756707742.658387,108017.0,20.06402,bid,1756707742310
1756707742.658387,108018.0,1.38735,ask,1756707742310
1756707742.9278464,108017.0,19.51361,bid,1756707742446
1756707742.9278464,108018.0,1.38735,ask,1756707742446
1756707743.0294704,108018.0,1.38238,ask,1756707742502
1756707743.0294704,108017.0,19.51361,bid,1756707742502
1756707743.2793756,108018.0,1.3796,ask,1756707742832
1756707743.2793756,108017.0,19.3616,bid,1756707742832
1756707743.279624,108018.0,1.42588,ask,1756707742881
1756707743.279624,108017.0,19.3616,bid,1756707742881
1756707744.0805857,108017.0,18.9216,bid,1756707743641
1756707744.0805857,108018.0,1.42588,ask,1756707743641
1756707744.1205282,108017.0,19.47701,bid,1756707743705
1756707744.1205282,108018.0,1.42588,ask,1756707743705
1756707744.1754818,108017.0,19.47701,bid,1756707743775
1756707744.1754818,108018.0,1.3796,ask,1756707743775
1756707744.3267064,108018.0,1.38113,ask,1756707743935
1756707744.3267064,108017.0,22.25406,bid,1756707743935
1756707744.5326543,108017.0,19.47701,bid,1756707744046
1756707744.5326543,108018.0,1.38113,ask,1756707744046
1756707744.7163448,108018.0,1.38113,ask,1756707744121
1756707744.7163448,108017.0,19.3616,bid,1756707744121
1756707744.716467,108017.0,18.74998,bid,1756707744249
1756707744.716467,108018.0,1.38113,ask,1756707744249
1756707744.8732705,108017.0,18.74998,bid,1756707744451
1756707744.8732705,108018.0,1.3698,ask,1756707744451
1756707745.007195,108017.0,19.30039,bid,1756707744638
1756707745.007195,108018.0,1.35842,ask,1756707744638
1756707745.1786275,108018.0,0.89356,ask,1756707744801
1756707745.1786275,108017.0,18.74498,bid,1756707744801
1756707745.481421,108017.0,19.30539,bid,1756707745020
1756707745.481421,108018.0,1.35178,ask,1756707745020
1756707745.6655548,108017.0,18.74998,bid,1756707745209
1756707745.6655548,108018.0,1.39806,ask,1756707745209
1756707745.9628432,108018.0,0.9347,ask,1756707745544
1756707745.9628432,108017.0,18.74998,bid,1756707745544
1756707746.5009778,108017.0,18.30998,bid,1756707746037
1756707746.5009778,108018.0,0.9347,ask,1756707746037
1756707746.7143338,108017.0,18.30498,bid,1756707746236
1756707746.7143338,108018.0,0.9347,ask,1756707746236
1756707747.0438254,108017.0,18.30998,bid,1756707746638
1756707747.0438254,108018.0,0.9347,ask,1756707746638
1756707747.4109013,108017.0,18.29149,bid,1756707746860
1756707747.4109013,108018.0,0.93264,ask,1756707746860
1756707747.607545,108018.0,1.43264,ask,1756707747170
1756707747.607545,108017.0,18.15264,bid,1756707747170
1756707747.7218704,108018.0,7.42996,ask,1756707747231
1756707747.7218704,108017.0,9.35841,bid,1756707747231
1756707747.744927,108017.0,4.13522,bid,1756707747280
1756707747.744927,108018.0,7.66373,ask,1756707747280
1756707747.9538033,108017.0,2.92221,bid,1756707747458
1756707747.9538033,108018.0,7.66373,ask,1756707747458
1756707748.125344,108017.0,2.92221,bid,1756707747576
1756707748.125344,108018.0,8.87643,ask,1756707747576
1756707748.7669888,108017.0,1.99653,bid,1756707747749
1756707748.7669888,108018.0,11.35187,ask,1756707747749
1756707748.7672386,108018.0,9.04655,ask,1756707747854
1756707748.7672386,108017.0,2.42221,bid,1756707747854
1756707748.7674751,108018.0,9.54826,ask,1756707747991
1756707748.7674751,108017.0,1.22654,bid,1756707747991
1756707748.769784,108018.0,2.70732,ask,1756707748140
1756707748.769784,108017.0,2.61505,bid,1756707748140
1756707748.9154994,108017.0,2.61005,bid,1756707748352
1756707748.9154994,108018.0,2.60287,ask,1756707748352
1756707748.96866,108017.0,2.61005,bid,1756707748597
1756707748.96866,108018.0,2.54764,ask,1756707748597
1756707749.1905725,108017.0,7.22338,bid,1756707748700
1756707749.1905725,108018.0,1.66812,ask,1756707748700
1756707749.4326897,108017.0,18.62284,bid,1756707748908
1756707749.4326897,108018.0,1.47269,ask,1756707748908
1756707749.6331043,108018.0,1.47134,ask,1756707749094
1756707749.6331043,108017.0,19.56624,bid,1756707749094
1756707749.7481234,108017.0,20.2562,bid,1756707749205
1756707749.7481234,108018.0,1.47134,ask,1756707749205
1756707749.8021312,108018.0,0.60209,ask,1756707749294
1756707749.8021312,108017.0,20.86843,bid,1756707749294
1756707749.9997096,108017.0,20.54848,bid,1756707749513
1756707749.9997096,108018.0,0.53512,ask,1756707749513
1756707750.17995,108017.0,21.93698,bid,1756707749700
1756707750.17995,108018.0,0.53512,ask,1756707749700
1756707750.2658668,108017.0,22.43698,bid,1756707749813
1756707750.2658668,108018.0,0.53512,ask,1756707749813
1756707750.3932178,108018.0,0.53512,ask,1756707749903
1756707750.3932178,108017.0,22.43131,bid,1756707749903
1756707750.4335625,108018.0,0.03341,ask,1756707749997
1756707750.4335625,108017.0,22.54131,bid,1756707749997
1756707750.7903905,108018.0,0.03341,ask,1756707750370
1756707750.7903905,108017.0,22.54631,bid,1756707750370
1756707750.9584513,108017.0,22.04631,bid,1756707750530
1756707750.9584513,108018.0,0.03341,ask,1756707750530
1756707750.9737506,108017.0,21.93631,bid,1756707750577
1756707750.9737506,108018.0,0.03341,ask,1756707750577
1756707751.024564,108017.0,21.93631,bid,1756707750634
1756707751.024564,108018.0,0.15628,ask,1756707750634
1756707751.4502242,108017.0,22.93901,bid,1756707751035
1756707751.4502242,108018.0,0.13339,ask,1756707751035
1756707751.5270152,108018.0,0.13339,ask,1756707751114
1756707751.5270152,108017.0,23.43901,bid,1756707751114
1756707752.020075,108017.0,23.43401,bid,1756707751473
1756707752.020075,108018.0,0.1335,ask,1756707751473
1756707752.382086,108017.0,22.38401,bid,1756707751910
1756707752.382086,108018.0,0.1335,ask,1756707751910
1756707752.5396934,108017.0,22.73855,bid,1756707752021
1756707752.5396934,108018.0,0.1335,ask,1756707752021
1756707752.7264087,108017.0,22.34355,bid,1756707752223
1756707752.7264087,108018.0,0.12298,ask,1756707752223
1756707753.5354784,108017.0,22.74355,bid,1756707752624
1756707753.5354784,108018.0,0.12298,ask,1756707752624
1756707753.5364573,108017.0,23.20822,bid,1756707752714
1756707753.5364573,108018.0,0.12298,ask,1756707752714
1756707754.0029616,108017.0,21.20972,bid,1756707752921
1756707754.0029616,108018.0,0.12298,ask,1756707752921
1756707754.003076,108017.0,17.0373,bid,1756707753049
1756707754.003076,108018.0,0.12298,ask,1756707753049
1756707754.0032244,108017.0,17.01881,bid,1756707753117
1756707754.0032244,108018.0,0.12298,ask,1756707753117
1756707754.0033474,108017.0,17.01881,bid,1756707753251
1756707754.0033474,108018.0,0.12283,ask,1756707753251
1756707754.0046594,108017.0,16.83365,bid,1756707753353
1756707754.0046594,108018.0,1.24943,ask,1756707753353
1756707754.0047538,108017.0,16.45862,bid,1756707753454
1756707754.0047538,108018.0,1.71245,ask,1756707753454
1756707754.1534584,108017.0,22.10874,bid,1756707753510
1756707754.1534584,108018.0,1.3164,ask,1756707753510
1756707754.1538537,108017.0,22.50645,bid,1756707753632
1756707754.1538537,108018.0,1.3164,ask,1756707753632
1756707754.234891,108018.0,0.12078,ask,1756707753703
1756707754.234891,108017.0,22.50645,bid,1756707753703
1756707754.3579333,108017.0,22.81501,bid,1756707753960
1756707754.3579333,108018.0,0.12078,ask,1756707753960
1756707754.5695636,108017.0,22.68553,bid,1756707754014
1756707754.5695636,108018.0,0.12078,ask,1756707754014
1756707754.6149552,108017.0,21.29703,bid,1756707754140
1756707754.6149552,108018.0,0.12078,ask,1756707754140
1756707754.6343777,108017.0,20.89703,bid,1756707754249
1756707754.6343777,108018.0,0.12078,ask,1756707754249
1756707754.7128663,108018.0,0.12078,ask,1756707754316
1756707754.7128663,108017.0,20.78703,bid,1756707754316
1756707754.8101516,108018.0,0.12078,ask,1756707754431
1756707754.8101516,108017.0,17.61575,bid,1756707754431
1756707755.016315,108018.0,1.24943,ask,1756707754561
1756707755.016315,108017.0,17.48185,bid,1756707754561
1756707755.0747075,108017.0,17.48185,bid,1756707754687
1756707755.0747075,108018.0,1.57343,ask,1756707754687
1756707755.1292524,108017.0,17.48185,bid,1756707754769
1756707755.1292524,108018.0,1.61971,ask,1756707754769
1756707755.5019495,108017.0,17.47685,bid,1756707755034
1756707755.5019495,108018.0,2.08276,ask,1756707755034
1756707755.6792033,108017.0,18.03226,bid,1756707755173
1756707755.6792033,108018.0,0.95411,ask,1756707755173
1756707755.7388966,108017.0,18.05075,bid,1756707755331
1756707755.7388966,108018.0,0.95411,ask,1756707755331
1756707755.7868242,108017.0,18.05575,bid,1756707755409
1756707755.7868242,108018.0,0.95411,ask,1756707755409
1756707755.8385932,108017.0,20.8143,bid,1756707755467
1756707755.8385932,108018.0,0.90783,ask,1756707755467
1756707755.9447582,108017.0,21.4243,bid,1756707755552
1756707755.9447582,108018.0,0.90783,ask,1756707755552
1756707756.0628328,108017.0,22.8313,bid,1756707755603
1756707756.0628328,108018.0,0.44478,ask,1756707755603
1756707756.1023605,108017.0,23.2313,bid,1756707755667
1756707756.1023605,108018.0,0.12078,ask,1756707755667
1756707756.2404306,108017.0,23.7813,bid,1756707755865
1756707756.2404306,108018.0,0.12078,ask,1756707755865
1756707756.2562366,108018.0,0.12078,ask,1756707755933
1756707756.2562366,108017.0,23.77852,bid,1756707755933
1756707756.4790378,108018.0,0.12078,ask,1756707756002
1756707756.4790378,108017.0,23.77355,bid,1756707756002
1756707756.9564252,108017.0,23.76855,bid,1756707756598
1756707756.9564252,108018.0,0.12078,ask,1756707756598
1756707757.259833,108017.0,23.88355,bid,1756707756857
1756707757.259833,108018.0,0.12078,ask,1756707756857
1756707757.3413503,108017.0,24.08355,bid,1756707756939
1756707757.3413503,108018.0,0.12078,ask,1756707756939
1756707757.7609086,108017.0,24.0834,bid,1756707757388
1756707757.7609086,108018.0,0.12078,ask,1756707757388
1756707758.1348424,108018.0,0.12078,ask,1756707757554
1756707758.1348424,108017.0,24.08272,bid,1756707757554
1756707758.6291294,108018.0,0.12078,ask,1756707758017
1756707758.6291294,108017.0,25.09353,bid,1756707758017
1756707758.8552086,108017.0,25.08853,bid,1756707758298
1756707758.8552086,108018.0,0.12078,ask,1756707758298
1756707759.3776147,108017.0,24.98353,bid,1756707758899
1756707759.3776147,108018.0,0.12078,ask,1756707758899
1756707759.3905995,108017.0,24.78353,bid,1756707758987
1756707759.3905995,108018.0,0.12078,ask,1756707758987
1756707759.4051533,108017.0,23.77272,bid,1756707759050
1756707759.4051533,108018.0,0.12078,ask,1756707759050
1756707759.8741786,108018.0,0.12078,ask,1756707759312
1756707759.8741786,108017.0,21.83421,bid,1756707759312
1756707759.9981196,108018.0,0.12078,ask,1756707759387
1756707759.9981196,108017.0,20.93421,bid,1756707759387
1756707760.4795728,108017.0,21.83421,bid,1756707759920
1756707760.4795728,108018.0,0.12078,ask,1756707759920
1756707760.6438444,108017.0,23.77272,bid,1756707760240
1756707760.6438444,108018.0,0.12078,ask,1756707760240
1756707760.8230968,108017.0,27.55627,bid,1756707760332
1756707760.8230968,108018.0,0.12078,ask,1756707760332
1756707761.0148308,108017.0,27.0038,bid,1756707760529
1756707761.0148308,108018.0,0.12078,ask,1756707760529
1756707761.115489,108018.0,0.12078,ask,1756707760697
1756707761.115489,108017.0,27.5592,bid,1756707760697
1756707761.1939747,108017.0,27.59499,bid,1756707760803
1756707761.1939747,108018.0,0.12078,ask,1756707760803
1756707761.333493,108018.0,0.12078,ask,1756707760862
1756707761.333493,108017.0,28.98354,bid,1756707760862
1756707761.5722425,108017.0,28.82146,bid,1756707761037
1756707761.5722425,108018.0,0.12078,ask,1756707761037
1756707761.611164,108017.0,28.82146,bid,1756707761104
1756707761.611164,108020.0,0.00011,ask,1756707761104
1756707761.7103024,108019.0,15.32415,bid,1756707761181
1756707761.7103024,108020.0,0.00011,ask,1756707761181
1756707761.7555552,108019.0,30.57247,bid,1756707761238
1756707761.7555552,108020.0,0.00011,ask,1756707761238
1756707761.9348502,108020.0,0.00011,ask,1756707761433
1756707761.9348502,108019.0,35.90575,bid,1756707761433
1756707761.9869187,108019.0,36.34673,bid,1756707761536
1756707761.9869187,108020.0,0.00011,ask,1756707761536
1756707762.0878334,108019.0,50.0756,bid,1756707761626
1756707762.0878334,108020.0,0.00011,ask,1756707761626
1756707762.21603,108019.0,50.89184,bid,1756707761746
1756707762.21603,108026.0,0.01481,ask,1756707761746
1756707762.312659,108025.0,17.50397,bid,1756707761924
1756707762.312659,108026.0,0.01481,ask,1756707761924
1756707762.3843694,108025.0,18.33027,bid,1756707761981
1756707762.3843694,108026.0,0.01481,ask,1756707761981
1756707762.633917,108025.0,19.75492,bid,1756707762130
1756707762.633917,108026.0,0.01481,ask,1756707762130
1756707762.7543128,108026.0,0.01481,ask,1756707762235
1756707762.7543128,108025.0,41.33681,bid,1756707762235
1756707762.809311,108025.0,46.43258,bid,1756707762350
1756707762.809311,108026.0,0.01481,ask,1756707762350
1756707762.9170575,108025.0,46.11365,bid,1756707762458
1756707762.9170575,108026.0,0.01492,ask,1756707762458
1756707762.9773457,108025.0,46.15034,bid,1756707762550
1756707762.9773457,108026.0,0.01492,ask,1756707762550
1756707763.2439537,108025.0,44.08718,bid,1756707762663
1756707763.2439537,108026.0,0.01492,ask,1756707762663
1756707763.5464983,108025.0,38.68651,bid,1756707762753
1756707763.5464983,108026.0,0.01492,ask,1756707762753
1756707763.5465703,108025.0,39.05234,bid,1756707762852
1756707763.5465703,108026.0,0.01492,ask,1756707762852
1756707763.5466151,108025.0,38.26439,bid,1756707762953
1756707763.5466151,108026.0,0.01492,ask,1756707762953
1756707763.8766837,108025.0,38.22833,bid,1756707763312
1756707763.8766837,108026.0,0.01492,ask,1756707763312
1756707764.2948196,108025.0,36.49696,bid,1756707763867
1756707764.2948196,108026.0,0.01492,ask,1756707763867
1756707764.3353748,108025.0,37.43403,bid,1756707763868
1756707764.3353748,108026.0,0.01492,ask,1756707763868
1756707764.745294,108025.0,40.21087,bid,1756707764288
1756707764.745294,108026.0,0.01492,ask,1756707764288
1756707764.76346,108025.0,40.3392,bid,1756707764365
1756707764.76346,108026.0,0.01492,ask,1756707764365
1756707764.9986446,108026.0,0.01492,ask,1756707764548
1756707764.9986446,108025.0,40.29826,bid,1756707764548
1756707765.1427946,108025.0,37.52142,bid,1756707764746
1756707765.1427946,108026.0,0.01492,ask,1756707764746
1756707765.4019468,108025.0,38.02497,bid,1756707764964
1756707765.4019468,108026.0,0.01492,ask,1756707764964
1756707765.553721,108026.0,0.01492,ask,1756707765154
1756707765.553721,108025.0,37.2312,bid,1756707765154
1756707765.968965,108026.0,0.01492,ask,1756707765688
1756707765.968965,108025.0,37.27695,bid,1756707765688
1756707766.3872404,108025.0,37.31292,bid,1756707765956
1756707766.3872404,108026.0,0.01492,ask,1756707765956
1756707766.4056387,108025.0,37.27695,bid,1756707766036
1756707766.4056387,108026.0,0.01492,ask,1756707766036
1756707766.6680162,108026.0,0.01492,ask,1756707766307
1756707766.6680162,108025.0,40.05379,bid,1756707766307
1756707766.7958846,108025.0,40.08475,bid,1756707766367
1756707766.7958846,108026.0,0.01492,ask,1756707766367
1756707766.8681974,108025.0,40.04879,bid,1756707766477
1756707766.8681974,108026.0,0.01492,ask,1756707766477
1756707767.1505573,108026.0,0.01492,ask,1756707766768
1756707767.1505573,108025.0,40.08497,bid,1756707766768
1756707767.3350792,108025.0,40.08997,bid,1756707766906
1756707767.3350792,108026.0,0.01492,ask,1756707766906
1756707767.4288962,108025.0,40.05379,bid,1756707767106
1756707767.4288962,108026.0,0.01336,ask,1756707767106
1756707767.7218938,108026.0,0.00909,ask,1756707767369
1756707767.7218938,108025.0,40.08937,bid,1756707767369
1756707767.907477,108025.0,40.05379,bid,1756707767570
1756707767.907477,108026.0,0.00909,ask,1756707767570
1756707768.273981,108025.0,36.22695,bid,1756707767772
1756707768.273981,108026.0,0.00909,ask,1756707767772
1756707768.585222,108025.0,36.26365,bid,1756707767975
1756707768.585222,108026.0,0.00909,ask,1756707767975
1756707768.5852976,108026.0,0.00909,ask,1756707768052
1756707768.5852976,108025.0,36.77695,bid,1756707768052
1756707768.6382349,108025.0,37.22442,bid,1756707768178
1756707768.6382349,108026.0,0.00909,ask,1756707768178
1756707768.8348374,108025.0,36.71028,bid,1756707768374
1756707768.8348374,108026.0,0.00909,ask,1756707768374
1756707768.9981253,108026.0,0.00909,ask,1756707768591
1756707768.9981253,108025.0,40.0066,bid,1756707768591
1756707769.0293674,108025.0,40.5116,bid,1756707768731
1756707769.0293674,108026.0,0.00909,ask,1756707768731
1756707769.2231128,108025.0,41.06697,bid,1756707768807
1756707769.2231128,108026.0,0.00909,ask,1756707768807
1756707769.3772812,108026.0,0.00909,ask,1756707768931
1756707769.3772812,108025.0,41.61697,bid,1756707768931
1756707769.565299,108026.0,0.00909,ask,1756707769006
1756707769.565299,108025.0,41.61657,bid,1756707769006
1756707769.596778,108034.0,2.01325,bid,1756707769206
1756707769.596778,108035.0,1.16944,ask,1756707769206
1756707769.8353612,108035.0,1.16944,ask,1756707769407
1756707769.8353612,108034.0,12.47889,bid,1756707769407
1756707770.0492637,108034.0,29.67204,bid,1756707769609
1756707770.0492637,108035.0,1.12316,ask,1756707769609
1756707770.0535522,108034.0,29.74716,bid,1756707769685
1756707770.0535522,108035.0,1.12316,ask,1756707769685
1756707770.3553512,108034.0,29.43147,bid,1756707769949
1756707770.3553512,108035.0,1.12306,ask,1756707769949
1756707770.460092,108034.0,28.72413,bid,1756707770012
1756707770.460092,108035.0,1.12306,ask,1756707770012
1756707770.5336354,108035.0,1.16945,ask,1756707770146
1756707770.5336354,108034.0,28.72413,bid,1756707770146
1756707770.6555915,108035.0,1.16945,ask,1756707770290
1756707770.6555915,108034.0,28.71197,bid,1756707770290
1756707770.8639982,108035.0,1.16945,ask,1756707770509
1756707770.8639982,108034.0,28.71697,bid,1756707770509
1756707770.8851252,108034.0,28.71697,bid,1756707770562
1756707770.8851252,108035.0,1.49339,ask,1756707770562
1756707771.3886986,108034.0,28.7626,bid,1756707770962
1756707771.3886986,108035.0,1.49339,ask,1756707770962
1756707771.881688,108034.0,28.8726,bid,1756707771422
1756707771.881688,108035.0,1.49339,ask,1756707771422
1756707771.8818004,108035.0,1.44711,ask,1756707771480
1756707771.8818004,108034.0,32.20453,bid,1756707771480
1756707771.9698312,108034.0,31.64922,bid,1756707771568
1756707771.9698312,108035.0,1.44711,ask,1756707771568
1756707772.5377126,108035.0,1.44711,ask,1756707771765
1756707772.5377126,108034.0,33.95953,bid,1756707771765
1756707772.633264,108034.0,34.79782,bid,1756707771963
1756707772.633264,108035.0,0.00011,ask,1756707771963
1756707772.704527,108034.0,34.80242,bid,1756707772122
1756707772.704527,108035.0,0.00011,ask,1756707772122
1756707773.0293264,108034.0,34.80959,bid,1756707772433
1756707773.0293264,108035.0,0.00011,ask,1756707772433
1756707773.13747,108038.0,1.12248,ask,1756707772627
1756707773.13747,108037.0,20.6334,bid,1756707772627
1756707773.261237,108038.0,1.12248,ask,1756707772740
1756707773.261237,108037.0,25.71428,bid,1756707772740
1756707773.632854,108037.0,42.6375,bid,1756707772870
1756707773.632854,108038.0,1.12248,ask,1756707772870
1756707773.7586558,108038.0,1.12248,ask,1756707773069
1756707773.7586558,108037.0,54.12994,bid,1756707773069
1756707773.758822,108037.0,53.7894,bid,1756707773201
1756707773.758822,108038.0,1.12259,ask,1756707773201
1756707773.806981,108037.0,54.3447,bid,1756707773332
1756707773.806981,108038.0,1.12259,ask,1756707773332
1756707773.81304,108037.0,54.45568,bid,1756707773384
1756707773.81304,108038.0,1.12259,ask,1756707773384
1756707773.9695106,108038.0,1.12259,ask,1756707773477
1756707773.9695106,108037.0,51.98008,bid,1756707773477
1756707774.0550866,108037.0,47.25625,bid,1756707773549
