timestamp,price,size,side,trade_id,exchange_timestamp
1756707630.769302,107946.0,0.04631,buy,1016962236537855,1756707628699
1756707630.769302,107948.0,0.042,buy,1047318930401122,1756707628699
1756707630.769302,107948.0,0.042,buy,926483362847924,1756707628699
1756707630.769302,107948.0,0.042,buy,343347072665186,1756707628699
1756707630.769302,107948.0,0.042,buy,187960424092838,1756707628699
1756707630.769302,107948.0,0.042,buy,274002823067233,1756707628699
1756707630.769302,107948.0,0.042,buy,337970850703778,1756707628699
1756707630.769302,107946.0,0.32421,buy,767926796978287,1756707628699
1756707630.769302,107947.0,0.55228,buy,1083702988223201,1756707628699
1756707630.769302,107947.0,0.0241,buy,1024190728616101,1756707628699
1756707630.769302,107947.0,0.042,buy,396650803424952,1756707628699
1756707630.769302,107946.0,0.01666,buy,935150153958530,1756707628699
1756707630.769302,107948.0,0.042,buy,765451940380810,1756707628699
1756707630.769302,107948.0,0.042,buy,915857904857299,1756707628699
1756707630.769302,107947.0,0.00926,sell,677571719054432,1756707629728
1756707630.769302,107947.0,0.00011,buy,483002593321274,1756707628699
1756707630.769302,107948.0,0.042,buy,214876509626451,1756707628699
1756707630.769302,107948.0,0.042,buy,480919842655041,1756707628699
1756707630.769302,107947.0,0.00926,sell,1090983917868349,1756707629728
1756707630.769302,107947.0,0.00926,sell,511420466616948,1756707629639
1756707630.769302,107947.0,0.00926,sell,670239956071610,1756707629470
1756707630.769302,107947.0,0.00926,sell,912179045951593,1756707629101
1756707630.769302,107948.0,0.00035,buy,16456759608309,1756707629031
1756707630.769302,107947.0,0.00926,sell,407297278433491,1756707629728
1756707630.769302,107948.0,0.04631,buy,1110907136341104,1756707628699
1756707630.769302,107948.0,0.09857,buy,644570226213259,1756707628699
1756707630.769302,107948.0,0.00011,buy,770117935423332,1756707628699
1756707630.769302,107948.0,0.042,buy,680648817538687,1756707628699
1756707630.769302,107948.0,0.042,buy,1057947867215108,1756707628699
1756707630.769302,107948.0,0.042,buy,220257497212406,1756707628699
1756707631.227743,107947.0,0.00034,sell,834586478181569,1756707630446
1756707631.2301474,107947.0,0.00015,sell,717401355534328,1756707630648
1756707631.459095,107948.0,0.02279,buy,295535567962474,1756707631061
1756707631.459095,107948.0,0.0001,buy,144084123106416,1756707631061
1756707631.6052244,107949.0,0.3242,buy,161049873141415,1756707631161
1756707631.6052244,107950.0,0.09263,buy,227050550512261,1756707631161
1756707631.6052244,107948.0,0.47774,buy,933735826131193,1756707631161
1756707631.6052244,107948.0,0.07411,buy,847502773275232,1756707631161
1756707631.6052244,107948.0,0.00011,buy,161285139765469,1756707631161
1756707631.6052244,107948.0,0.03705,buy,1039682431001162,1756707631161
1756707631.6052244,107948.0,0.04631,buy,227636033025462,1756707631161
1756707631.6052244,107949.0,0.55657,buy,784327936465243,1756707631161
1756707631.6052244,107948.0,0.07066,buy,563903665406487,1756707631161
1756707631.6052244,107950.0,0.4632,buy,1104798565031049,1756707631161
1756707631.6052244,107950.0,0.02779,buy,287399757818397,1756707631161
1756707631.6052244,107950.0,0.02779,buy,574890678779176,1756707631161
1756707631.6052244,107950.0,0.121,buy,728125047528876,1756707631161
1756707631.6052244,107950.0,0.18527,buy,657930243841166,1756707631161
1756707631.6052244,107950.0,0.0035,buy,942519248845565,1756707631161
1756707631.6052244,107950.0,0.0241,buy,385714403270362,1756707631161
1756707631.6052244,107950.0,0.55576,buy,601952816173150,1756707631161
1756707631.6052244,107950.0,0.08,buy,288140816978511,1756707631161
1756707631.6052244,107950.0,0.02779,buy,12415269106500,1756707631161
1756707631.6052244,107950.0,0.51038,buy,770261971053998,1756707631161
1756707633.7841506,107950.0,0.07066,buy,622990645910363,1756707633241
1756707633.7841506,107950.0,0.08,buy,426896104787696,1756707633241
1756707633.7841506,107950.0,0.47171,buy,423819957868741,1756707633241
1756707633.7841506,107950.0,0.00011,buy,462174821541966,1756707633241
1756707633.7841506,107950.0,1.3894,buy,792595126412886,1756707633241
1756707633.7841506,107950.0,0.92627,buy,396897395105451,1756707633241
1756707633.7841506,107950.0,0.02779,buy,183496053463576,1756707633241
1756707633.7841506,107950.0,0.74002,buy,39319143394242,1756707633241
1756707634.2644749,107949.0,0.25,sell,1003912409444253,1756707633675
1756707634.2644749,107949.0,0.0133,sell,871913447918454,1756707633675
1756707634.2644749,107949.0,0.92626,sell,404305824541590,1756707633675
1756707634.533132,107941.0,0.02779,sell,983118550498752,1756707633851
1756707634.533132,107941.0,0.02779,sell,535730769182899,1756707633851
1756707634.533132,107942.0,0.00011,sell,50512568465419,1756707633851
1756707634.533132,107941.0,0.02757,sell,990834695748533,1756707633851
1756707634.533132,107943.0,0.00011,sell,660069447599751,1756707633851
1756707634.9010189,107941.0,0.01,buy,94949595563756,1756707634450
1756707635.9488611,107941.0,0.5,buy,921877200140041,1756707635371
1756707635.9488611,107941.0,0.6189,buy,153836453940191,1756707635371
1756707635.9488611,107941.0,0.6189,buy,799530619640160,1756707635371
1756707635.9488611,107941.0,0.42778,buy,597533110307109,1756707635371
1756707635.9488611,107941.0,0.2,buy,349731705595956,1756707635371
1756707635.9488611,107941.0,0.6189,buy,23999857229845,1756707635371
1756707635.9488611,107941.0,0.33218,buy,677292652467650,1756707635371
1756707635.9488611,107941.0,0.25,buy,402171486085375,1756707635371
1756707635.9488611,107941.0,0.1393,buy,648383478234698,1756707635371
1756707639.049829,107941.0,0.00011,buy,456900760686698,1756707638548
1756707639.049829,107945.0,0.00011,buy,642213009655888,1756707638548
1756707639.049829,107941.0,1.25689,buy,205983810058502,1756707638548
1756707639.049829,107941.0,0.01666,buy,1100939834428085,1756707638548
1756707639.049829,107941.0,0.01666,buy,17681986357600,1756707638548
1756707639.049829,107941.0,0.07065,buy,1027284329495069,1756707638548
1756707639.049829,107942.0,0.00011,buy,461123431656322,1756707638548
1756707639.049829,107943.0,0.00011,buy,324730307073244,1756707638548
1756707639.049829,107943.0,0.04632,buy,658108453371660,1756707638548
1756707639.049829,107944.0,0.00011,buy,745852814345389,1756707638548
1756707639.049829,107945.0,0.11073,buy,391807823485678,1756707638548
1756707639.049829,107944.0,0.00449,buy,31906317116707,1756707638548
1756707639.049829,107945.0,0.53174,buy,414414575574968,1756707638548
1756707639.049829,107949.0,0.02833,buy,659324766251775,1756707638548
1756707639.049829,107947.0,0.2792,buy,123073426965087,1756707638548
1756707639.049829,107949.0,0.00011,buy,523490550246224,1756707638548
1756707639.049829,107948.0,0.92629,buy,893292470017257,1756707638548
1756707639.049829,107948.0,0.00011,buy,445274217985494,1756707638548
1756707639.049829,107942.0,0.32422,buy,305827372530289,1756707638548
1756707639.049829,107947.0,0.04631,buy,723851969530001,1756707638548
1756707639.049829,107945.0,0.04631,buy,176268353327734,1756707638548
1756707639.049829,107947.0,0.00011,buy,295074852286563,1756707638548
1756707639.049829,107946.0,0.00011,buy,9229966683895,1756707638548
1756707641.599737,107938.0,0.02766,sell,6456928170378,1756707641171
1756707641.599737,107938.0,0.00899,sell,624110746271732,1756707641171
1756707641.599737,107941.0,0.02779,sell,540868681685886,1756707641171
1756707641.599737,107941.0,0.0188,sell,382567752550961,1756707641171
1756707643.260853,107934.0,0.01283,buy,736994400089165,1756707642871
1756707643.260853,107934.0,0.47686,buy,256841316581156,1756707642871
1756707643.260853,107934.0,0.43791,buy,252261553144551,1756707642871
1756707643.260853,107934.0,0.50405,buy,1077551261018718,1756707642871
1756707643.260853,107934.0,0.18066,buy,488392708651075,1756707642871
1756707643.260853,107934.0,0.29697,buy,832503727856153,1756707642871
1756707643.260853,107934.0,0.19768,buy,482255810855249,1756707642871
1756707643.260853,107934.0,0.25,buy,394813296198516,1756707642871
1756707643.260853,107934.0,0.18066,buy,487815429715705,1756707642871
1756707643.260853,107934.0,0.18397,buy,46763788220442,1756707642871
1756707643.260853,107934.0,0.18066,buy,214005125656005,1756707642871
1756707643.260853,107934.0,0.0809,buy,849083740208712,1756707642871
1756707643.260853,107934.0,0.18066,buy,35505016741788,1756707642871
1756707643.260853,107934.0,0.18066,buy,819365525384728,1756707642871
1756707643.260853,107934.0,0.18066,buy,480631890691294,1756707642871
1756707643.260853,107934.0,0.18066,buy,162212387180707,1756707642871
1756707646.6153488,107948.0,0.00011,buy,468564613944823,1756707646164
1756707646.6153488,107939.0,0.00011,buy,1042714784778071,1756707646164
1756707646.6153488,107942.0,0.00449,buy,757361504339843,1756707646164
1756707646.6153488,107942.0,0.00011,buy,1038476730039616,1756707646164
1756707646.6153488,107942.0,0.07065,buy,454886717673741,1756707646164
1756707646.6153488,107944.0,0.00011,buy,234663112374393,1756707646164
1756707646.6153488,107946.0,0.00011,buy,149185839993466,1756707646164
1756707646.6153488,107938.0,0.00011,buy,674916365591822,1756707646164
1756707646.6153488,107945.0,0.32421,buy,1030333739203292,1756707646164
1756707646.6153488,107949.0,0.0093,buy,1012176023456997,1756707646164
1756707646.6153488,107947.0,0.03675,buy,49326050385833,1756707646164
1756707646.6153488,107947.0,0.00011,buy,709756648084419,1756707646164
1756707646.6153488,107945.0,0.00011,buy,92825855166933,1756707646164
1756707646.6153488,107944.0,0.52929,buy,8161196766527,1756707646164
1756707646.6153488,107950.0,0.09263,buy,699492870716451,1756707646164
1756707646.6153488,107949.0,0.00011,buy,487557126565084,1756707646164
1756707646.6153488,107951.0,0.55575,buy,350751215359446,1756707646164
1756707646.6153488,107952.0,0.79541,buy,1022751515397819,1756707646164
1756707646.6153488,107952.0,0.13893,buy,1042140135798179,1756707646164
1756707646.6153488,107952.0,0.00011,buy,779317437646312,1756707646164
1756707646.6153488,107950.0,0.4632,buy,564700113353231,1756707646164
1756707646.6153488,107952.0,0.0165,buy,664738422922937,1756707646164
1756707646.6153488,107951.0,0.36023,buy,753297806199748,1756707646164
1756707646.6153488,107952.0,0.09263,buy,520628071571971,1756707646164
1756707646.6153488,107951.0,0.07411,buy,1010412021192124,1756707646164
1756707646.6153488,107951.0,0.03669,buy,486356598900053,1756707646164
1756707646.6153488,107951.0,0.00011,buy,468099144555510,1756707646164
1756707646.6153488,107950.0,0.00011,buy,1005092989456166,1756707646164
1756707646.6153488,107950.0,0.01364,buy,502017280269327,1756707646164
1756707646.6153488,107950.0,0.0102,buy,669495829765058,1756707646164
1756707646.6153488,107950.0,0.08,buy,26073763275463,1756707646164
1756707647.6798725,107953.0,0.00157,buy,440374385350464,1756707647118
1756707648.6380997,107952.0,0.49345,sell,765174604595441,1756707648218
1756707648.6380997,107952.0,0.29446,sell,879110518943353,1756707648218
1756707648.6380997,107952.0,0.2,sell,737198980826287,1756707648218
1756707648.6380997,107952.0,0.00655,sell,356717902905205,1756707648218
1756707648.8198147,107952.0,0.04588,sell,445647130154181,1756707648416
1756707648.8198147,107952.0,0.28954,sell,990436074837186,1756707648416
1756707648.8198147,107953.0,0.34755,buy,532630643723327,1756707648416
1756707648.8198147,107953.0,1.38935,buy,462203842934211,1756707648416
1756707648.8198147,107953.0,0.55575,buy,241798311908090,1756707648416
1756707648.8198147,107953.0,0.15,buy,123600212082092,1756707648416
1756707648.8198147,107953.0,0.46505,buy,335769135644283,1756707648416
1756707648.8198147,107953.0,0.70717,buy,1014669918253713,1756707648416
1756707648.8198147,107953.0,0.09106,buy,452581021360810,1756707648416
1756707648.8198147,107952.0,0.00412,sell,918634327502356,1756707648416
1756707648.8198147,107952.0,0.45,sell,391409657280786,1756707648416
1756707648.8198147,107952.0,0.62038,sell,327226030333375,1756707648416
1756707648.8198147,107952.0,0.5,sell,919620121416868,1756707648416
1756707648.8198147,107952.0,0.18787,sell,852869706538518,1756707648416
1756707648.8198147,107952.0,0.37367,sell,309081120601296,1756707648416
1756707648.8198147,107952.0,0.12633,sell,192105746599744,1756707648416
1756707648.8198147,107952.0,0.30039,sell,1095723247907435,1756707648416
1756707648.8198147,107952.0,0.01041,sell,228226948780805,1756707648416
1756707648.8198147,107952.0,0.41502,sell,1107927874980500,1756707648416
1756707648.8198147,107952.0,0.16895,sell,792011841431768,1756707648416
1756707648.8198147,107952.0,0.17745,sell,569558041304836,1756707648416
1756707648.8198147,107952.0,0.09546,sell,535250829988181,1756707648416
1756707648.9372823,107952.0,0.00926,sell,429127866324592,1756707648520
1756707649.2141142,107952.0,0.00926,sell,565625030027863,1756707648851
1756707649.2141142,107952.0,0.00926,sell,866521446011988,1756707648851
1756707649.3442452,107952.0,0.00926,sell,306551848264352,1756707648987
1756707649.3442452,107952.0,0.00926,sell,1120791306186869,1756707648987
1756707649.3442452,107952.0,0.00926,sell,686316953652565,1756707648987
1756707649.527901,107952.0,0.0004,sell,12143214688062,1756707649046
1756707649.721052,107952.0,0.001,sell,589697516175267,1756707649130
1756707649.865359,107953.0,0.00185,buy,93878684908869,1756707649532
1756707649.968069,107952.0,0.00926,sell,909480088117255,1756707649593
1756707650.4060223,107952.0,0.00926,sell,112891982959843,1756707650054
1756707650.4060223,107952.0,0.00926,sell,257834970914747,1756707650054
1756707650.6222734,107952.0,0.00926,sell,600529335386773,1756707650117
1756707650.6222734,107952.0,0.00926,sell,267376042194053,1756707650117
1756707650.6222734,107952.0,0.00926,sell,389965828488614,1756707650117
1756707650.9140482,107953.0,0.0002,buy,245027666227855,1756707650549
1756707650.9140482,107953.0,0.07226,buy,966323327278679,1756707650549
1756707650.9140482,107953.0,0.32419,buy,1119217413611239,1756707650549
1756707650.9140482,107953.0,0.00011,buy,378301993443119,1756707650549
1756707650.9140482,107953.0,0.034,buy,254658420086704,1756707650549
1756707650.9140482,107953.0,0.48736,buy,844050255383903,1756707650549
1756707650.9140482,107953.0,0.01666,buy,803302538445066,1756707650549
1756707650.9140482,107953.0,0.04631,buy,523416434709742,1756707650549
1756707650.9140482,107953.0,0.07065,buy,1096601634630547,1756707650549
1756707650.9140482,107953.0,0.18526,buy,945332345151314,1756707650549
1756707650.9140482,107953.0,0.01666,buy,593263156655921,1756707650549
1756707650.9140482,107953.0,0.01364,buy,60060399322126,1756707650549
1756707650.9140482,107953.0,1.13876,buy,1060458664801948,1756707650549
1756707650.9140482,107954.0,0.04631,buy,372921291802796,1756707650549
1756707650.9140482,107953.0,0.005,buy,569947028871877,1756707650549
1756707650.9140482,107953.0,0.03705,buy,114516907138928,1756707650549
1756707650.9140482,107956.0,0.18091,buy,793924729101957,1756707650549
1756707650.9140482,107954.0,0.09263,buy,588299073465215,1756707650549
1756707650.9140482,107954.0,0.11073,buy,806611085488268,1756707650549
1756707650.9140482,107954.0,0.51034,buy,919768043446081,1756707650549
1756707650.9140482,107954.0,0.00011,buy,874880511211460,1756707650549
1756707650.9140482,107953.0,0.1605,buy,89239985920141,1756707650549
1756707650.9140482,107955.0,0.01725,buy,316012630693708,1756707650549
1756707650.9140482,107955.0,0.13893,buy,790307722173209,1756707650549
1756707650.9140482,107955.0,0.00011,buy,973630580328570,1756707650549
1756707653.6332114,107956.0,0.00011,buy,383163469224398,1756707653268
1756707653.6332114,107956.0,0.09829,buy,755625027337230,1756707653268
1756707653.6332114,107956.0,0.04631,buy,293120090893756,1756707653268
1756707653.6332114,107956.0,0.68948,buy,211749173359239,1756707653268
1756707653.6332114,107956.0,0.0741,buy,474637353154970,1756707653268
1756707653.6332114,107956.0,0.50184,buy,582282504044664,1756707653268
1756707653.6332114,107957.0,0.48982,buy,269711919377869,1756707653268
1756707653.6332114,107956.0,0.07065,buy,719786721299775,1756707653268
1756707653.6332114,107957.0,0.0208,buy,387947914678000,1756707653268
1756707653.6332114,107957.0,0.51034,buy,675876634334273,1756707653268
1756707653.6332114,107957.0,0.00011,buy,340379029859387,1756707653268
1756707653.6332114,107956.0,0.55572,buy,409122519785269,1756707653268
1756707653.6332114,107956.0,0.32418,buy,141592869066274,1756707653268
1756707653.6332114,107956.0,0.32418,buy,402857788330311,1756707653268
1756707655.475828,107957.0,0.00513,buy,878638130466739,1756707655053
1756707658.3290837,107956.0,0.002,sell,140041559979195,1756707657934
1756707659.4783146,107957.0,0.00035,buy,553054145285095,1756707659036
1756707661.8341155,107957.0,0.0228,buy,1110506102615164,1756707661051
1756707661.8341155,107957.0,0.0001,buy,465087830029817,1756707661051
1756707662.3187516,107961.0,0.00011,buy,921949764809463,1756707661740
1756707662.3187516,107960.0,0.02779,buy,80659574482318,1756707661740
1756707663.3574207,107966.0,0.03442,sell,848674271530225,1756707662891
1756707670.6842184,107967.0,0.00011,buy,1000937872260324,1756707670284
1756707670.6842184,107967.0,0.02363,buy,360758364164901,1756707670284
1756707670.6842184,107967.0,0.01666,buy,1092513129776510,1756707670284
1756707671.9832072,107968.0,0.04631,buy,23824897832697,1756707671662
1756707671.9832072,107969.0,0.0463,buy,634834653717688,1756707671662
1756707671.9832072,107967.0,0.04631,buy,1038718701669106,1756707671662
1756707671.9832072,107968.0,0.00011,buy,598873574773184,1756707671662
1756707671.9832072,107967.0,0.04716,buy,694302397512674,1756707671662
1756707671.9832072,107967.0,0.4643,buy,870832129019686,1756707671662
1756707671.9832072,107967.0,1.25049,buy,665181539416658,1756707671662
1756707671.9832072,107968.0,0.32414,buy,883154970143928,1756707671662
1756707671.9832072,107968.0,0.01666,buy,277378816203104,1756707671662
1756707671.9832072,107969.0,0.5103,buy,677439822768309,1756707671662
1756707671.9832072,107969.0,0.00011,buy,704992831769433,1756707671662
1756707671.9832072,107970.0,0.00011,buy,930762110488453,1756707671662
1756707671.9832072,107970.0,0.02779,buy,134324827032620,1756707671662
1756707671.9832072,107970.0,0.0463,buy,532089276803136,1756707671662
1756707671.9832072,107970.0,0.08,buy,697911354814328,1756707671662
1756707671.9832072,107970.0,0.02779,buy,668907199808451,1756707671662
1756707671.9832072,107970.0,0.06582,buy,589796529091031,1756707671662
1756707673.9307916,107970.0,0.005,buy,664829548724046,1756707673578
1756707674.2978544,107970.0,0.00622,buy,551007930041888,1756707673892
1756707677.723673,107970.0,0.00156,buy,519935552632583,1756707677045
1756707677.7870789,107970.0,0.00011,buy,876824025976701,1756707677304
1756707677.7870789,107970.0,0.02531,buy,742357209023236,1756707677304
1756707679.5069034,107974.0,0.00041,sell,501709527142398,1756707679002
1756707679.804044,107976.0,0.00435,sell,688775241210091,1756707679436
1756707681.393908,107976.0,0.00046,sell,576087548869617,1756707680902
1756707681.7523663,107977.0,0.00011,buy,1072744075461757,1756707681180
1756707681.7523663,107977.0,0.10183,buy,165687618372134,1756707681180
1756707681.7578566,107978.0,0.00011,buy,507015890822380,1756707681313
1756707681.7578566,107979.0,0.00011,buy,260801125191839,1756707681313
1756707681.985088,107983.0,0.00011,buy,862106209682163,1756707681468
1756707681.985088,107983.0,0.00046,buy,19042507621003,1756707681468
1756707681.985088,107982.0,0.00011,buy,96673697081406,1756707681468
1756707681.985088,107980.0,0.00011,buy,680310163419860,1756707681468
1756707681.985088,107980.0,0.00015,buy,1043123949645858,1756707681468
1756707681.985088,107981.0,0.00011,buy,332927675126632,1756707681468
1756707682.019621,107984.0,0.00011,buy,681096568004133,1756707681587
1756707682.7233126,107987.0,0.01488,buy,854188523224309,1756707681896
1756707682.7233126,107988.0,0.005,buy,956240951780283,1756707681896
1756707682.7233126,107985.0,0.05,buy,179923715811628,1756707681896
1756707683.2181592,107991.0,0.00011,buy,1096112329933910,1756707682377
1756707683.2181592,107989.0,0.00091,buy,649083232847295,1756707682377
1756707683.2181592,107989.0,0.00449,buy,283634151233854,1756707682377
1756707683.2181592,107991.0,0.01062,buy,1114480143312442,1756707682377
1756707683.2181592,107992.0,0.00011,buy,334243716606766,1756707682377
1756707683.9594188,107993.0,0.00011,buy,430353300898979,1756707683311
1756707683.9719071,107992.0,0.0098,sell,333022830021368,1756707683402
1756707683.9719071,108000.0,0.00147,buy,1006426073609231,1756707683402
1756707683.9719071,107998.0,0.00011,buy,669466438543253,1756707683402
1756707683.9719071,107996.0,0.00011,buy,934419845821638,1756707683402
1756707683.9719071,107996.0,0.00091,buy,1070631619984949,1756707683402
1756707683.9719071,107998.0,0.0004,buy,36152270310873,1756707683402
1756707685.652461,108000.0,0.00514,buy,10015049038921,1756707685031
1756707686.1498332,108000.0,0.001,buy,551239550382510,1756707685607
1756707686.1498332,108000.0,0.02,buy,917983688905788,1756707685607
1756707686.1498332,108000.0,0.00339,buy,306283540418603,1756707685607
1756707686.1498332,108000.0,0.00011,buy,533541626684054,1756707685607
1756707686.1498332,108000.0,0.00185,buy,772171988860504,1756707685607
1756707686.1498332,108000.0,0.00925,buy,997443068531325,1756707685607
1756707686.1498332,108000.0,0.00011,buy,212116923080623,1756707685607
1756707686.1498332,108000.0,0.0001,buy,523228167819158,1756707685607
1756707686.1498332,108000.0,0.00359,buy,596986852089631,1756707685607
1756707686.3830495,108001.0,0.00018,buy,632326075388371,1756707685851
1756707686.3830495,108001.0,0.00018,buy,1050240343859501,1756707685851
1756707686.3830495,108001.0,0.00011,buy,299669347620252,1756707685851
1756707686.745197,108003.0,0.00011,buy,863958988381627,1756707686232
1756707686.745197,108003.0,0.0004,buy,440344691068926,1756707686232
1756707686.745197,108002.0,0.0001,buy,1045139499779483,1756707686232
1756707686.745197,108002.0,0.00011,buy,280782168094462,1756707686232
1756707686.8831007,108004.0,0.00011,buy,234405443243732,1756707686500
1756707687.321164,108015.0,0.00011,buy,948541931897072,1756707686812
1756707687.321164,108014.0,0.00011,buy,595387733269643,1756707686812
1756707687.321164,108013.0,0.00011,buy,516018859407388,1756707686812
1756707687.321164,108012.0,0.00016,buy,136687680445420,1756707686812
1756707687.321164,108012.0,0.00014,buy,442836749020031,1756707686812
1756707687.321164,108018.0,0.00011,buy,90371228268187,1756707686812
1756707687.321164,108019.0,0.00011,buy,698472353924958,1756707686812
1756707687.321164,108016.0,0.00011,buy,523833612597542,1756707686812
1756707687.321164,108012.0,0.0001,buy,269628217075915,1756707686812
1756707687.321164,108017.0,0.00011,buy,223016785434338,1756707686812
1756707687.321164,108004.0,0.01075,sell,875057505794716,1756707686812
1756707687.321164,108004.0,0.05089,sell,315762603925597,1756707686812
1756707687.321164,108019.0,0.00092,buy,905068765384081,1756707686812
1756707687.321164,108019.0,0.00326,buy,44358819964171,1756707686812
1756707687.321164,108019.0,0.06398,buy,868383706782405,1756707686812
1756707687.321164,108019.0,0.01816,buy,282157549765661,1756707686812
1756707687.321164,108004.0,0.2194,sell,235349896536291,1756707686812
1756707687.321164,108004.0,0.18518,sell,35863980321248,1756707686812
1756707687.321164,108004.0,0.16217,sell,1121983207604352,1756707686812
1756707687.321164,108004.0,0.5,sell,575627000025224,1756707686812
1756707687.3839133,108019.0,0.02276,buy,832467062712521,1756707686882
1756707687.3839133,108018.0,0.0025,sell,880368033043506,1756707686882
1756707688.5240574,108019.0,0.00015,buy,463657795442049,1756707688036
1756707689.5672214,108019.0,0.00035,buy,688490078639035,1756707689012
1756707690.0297048,108020.0,0.0004,buy,899534269836076,1756707689553
1756707690.0297048,108034.0,0.09256,buy,418497246128530,1756707689553
1756707690.0297048,108019.0,1.09956,buy,911536306408412,1756707689553
1756707690.0297048,108027.0,0.00011,buy,410640969212438,1756707689553
1756707690.0297048,108019.0,0.00011,buy,143961417332774,1756707689553
1756707690.0297048,108019.0,0.13885,buy,974333776437222,1756707689553
1756707690.0297048,108019.0,0.04628,buy,688268156612000,1756707689553
1756707690.0297048,108020.0,0.00011,buy,213720991165305,1756707689553
1756707690.0297048,108024.0,0.00011,buy,849824079215346,1756707689553
1756707690.0297048,108021.0,0.32399,buy,965502612333044,1756707689553
1756707690.0297048,108022.0,1.13939,buy,178156211425632,1756707689553
1756707690.0297048,108022.0,1.33817,buy,2714247537923,1756707689553
1756707690.0297048,108022.0,0.00011,buy,649670471395259,1756707689553
1756707690.0297048,108022.0,0.04628,buy,1115632175224729,1756707689553
1756707690.0297048,108025.0,0.00011,buy,188701909396749,1756707689553
1756707690.0297048,108026.0,0.00011,buy,18614781500585,1756707689553
1756707690.0297048,108027.0,0.01665,buy,937628900558344,1756707689553
1756707690.0297048,108021.0,0.00011,buy,314627799015216,1756707689553
1756707690.0297048,108023.0,0.00011,buy,445594907815634,1756707689553
1756707690.0297048,108026.0,0.01665,buy,591332397693820,1756707689553
1756707690.0297048,108033.0,0.32395,buy,929554849318365,1756707689553
1756707690.0297048,108031.0,0.00011,buy,68926710999157,1756707689553
1756707690.0297048,108028.0,0.005,buy,646573553201915,1756707689553
1756707690.0297048,108028.0,0.14652,buy,539886086680707,1756707689553
1756707690.0297048,108028.0,0.07011,buy,986265273506568,1756707689553
1756707690.0297048,108029.0,0.00011,buy,371072784062902,1756707689553
1756707690.0297048,108029.0,0.09256,buy,273346125982396,1756707689553
1756707690.0297048,108030.0,0.00011,buy,598303753228515,1756707689553
1756707690.0297048,108030.0,0.06549,buy,272486933640914,1756707689553
1756707690.0297048,108032.0,2.77667,buy,933164105115143,1756707689553
1756707690.0297048,108031.0,0.11073,buy,967239833915516,1756707689553
1756707690.0297048,108032.0,0.00091,buy,210144639794915,1756707689553
1756707690.0297048,108032.0,0.00011,buy,208720962258721,1756707689553
1756707690.0297048,108032.0,0.00028,buy,564965078470232,1756707689553
1756707690.0297048,108032.0,0.55534,buy,857039443563150,1756707689553
1756707690.0297048,108027.0,0.32397,buy,998577117783092,1756707689553
1756707690.0297048,108032.0,0.92556,buy,863989439908803,1756707689553
1756707690.0297048,108033.0,0.00011,buy,793958549901540,1756707689553
1756707690.0297048,108028.0,0.0005,buy,385193483063851,1756707689553
1756707690.0297048,108028.0,0.0417,buy,591913090562789,1756707689553
1756707690.0297048,108034.0,0.00011,buy,634291728060049,1756707689553
1756707690.0297048,108040.0,0.01948,buy,980838802406593,1756707689553
1756707690.0297048,108037.0,0.88607,buy,192549454681532,1756707689553
1756707690.0297048,108035.0,0.00011,buy,353630284332722,1756707689553
1756707690.0297048,108035.0,1.3883,buy,19329507194530,1756707689553
1756707690.0297048,108035.0,0.71797,buy,1001566587572266,1756707689553
1756707690.0297048,108036.0,0.55531,buy,615989955904840,1756707689553
1756707690.0297048,108036.0,0.73888,buy,914360304099236,1756707689553
1756707690.0297048,108037.0,0.0417,buy,754479569284189,1756707689553
1756707690.0297048,108037.0,0.00011,buy,987304394269691,1756707689553
1756707690.0297048,108035.0,0.0001,buy,401777917173669,1756707689553
1756707690.0297048,108037.0,0.71991,buy,147332374867471,1756707689553
1756707690.0297048,108038.0,0.00925,buy,994776005186451,1756707689553
1756707690.0297048,108038.0,0.00011,buy,1094033032598874,1756707689553
1756707690.0297048,108038.0,0.07405,buy,589728048229165,1756707689553
1756707690.0297048,108038.0,0.27933,buy,569090351168658,1756707689553
1756707690.0297048,108039.0,0.46279,buy,1063733615279094,1756707689553
1756707690.0297048,108038.0,0.00281,buy,569441304830744,1756707689553
1756707690.0297048,108039.0,0.2792,buy,552212168557500,1756707689553
1756707690.0297048,108039.0,1.00037,buy,472542191284441,1756707689553
1756707690.0297048,108028.0,0.00011,buy,1098734341718886,1756707689553
1756707690.0297048,108036.0,0.00011,buy,910509459066254,1756707689553
1756707690.0297048,108034.0,0.27933,buy,305341427215040,1756707689553
1756707690.0297048,108034.0,0.13883,buy,348039997323090,1756707689553
1756707690.0297048,108039.0,0.00011,buy,555706514411161,1756707689553
1756707690.0297048,108039.0,0.042,buy,330323486798279,1756707689553
1756707690.0297048,108040.0,0.5,buy,830038297551589,1756707689553
1756707690.0297048,108040.0,0.46281,buy,150757547398616,1756707689553
1756707690.0297048,108040.0,0.042,buy,827046673746671,1756707689553
1756707690.0297048,108040.0,0.042,buy,377598492359123,1756707689553
1756707690.0297048,108040.0,0.00011,buy,321828510455788,1756707689553
1756707690.0297048,108040.0,0.042,buy,282967841538671,1756707689553
1756707690.0297048,108039.0,0.09255,buy,572249684619048,1756707689553
1756707690.0297048,108039.0,0.042,buy,71476262102274,1756707689553
1756707690.0297048,108040.0,0.51012,buy,1023061616962445,1756707689553
1756707690.0297048,108040.0,0.88607,buy,848257206104435,1756707689553
1756707690.0297048,108040.0,0.4,buy,129235371391778,1756707689553
1756707690.0297048,108040.0,2.77648,buy,665401563662835,1756707689553
1756707690.0297048,108040.0,0.77768,buy,602721810220524,1756707689553
1756707690.0297048,108041.0,0.1,buy,660627757274225,1756707689553
1756707690.0297048,108041.0,0.02373,buy,993122093038212,1756707689553
1756707690.0297048,108040.0,0.01807,buy,74676309901254,1756707689553
1756707697.4500127,108032.0,0.00036,buy,495303072991490,1756707691081
1756707697.4500127,108040.0,0.042,buy,282967841538671,1756707689553
1756707697.4500127,108040.0,0.01948,buy,980838802406593,1756707689553
1756707697.4500127,108040.0,0.51012,buy,1023061616962445,1756707689553
1756707697.4500127,108040.0,0.88607,buy,848257206104435,1756707689553
1756707697.4500127,108040.0,0.4,buy,129235371391778,1756707689553
1756707697.4500127,108032.0,0.00239,buy,51836271847995,1756707690881
1756707697.4500127,108040.0,0.77768,buy,602721810220524,1756707689553
1756707697.4500127,108041.0,0.1,buy,660627757274225,1756707689553
1756707697.4500127,108041.0,0.02373,buy,993122093038212,1756707689553
1756707697.4500127,108032.0,0.02279,buy,585481700447890,1756707691014
1756707697.4500127,108040.0,2.77648,buy,665401563662835,1756707689553
1756707697.4500127,108032.0,0.0001,buy,811344846596286,1756707691014
1756707697.4500127,108040.0,0.01807,buy,74676309901254,1756707689553
1756707697.4500127,108032.0,0.00011,buy,838840572573696,1756707690881
1756707697.4500127,108032.0,0.32395,buy,1047153256626856,1756707695074
1756707697.4500127,108032.0,0.00815,buy,499461689361974,1756707694665
1756707697.4500127,108032.0,0.00224,buy,720615249704809,1756707691288
1756707697.4500127,108031.0,0.00067,sell,661653831411545,1756707691288
1756707697.4500127,108031.0,0.0001,sell,886575236558644,1756707691288
1756707697.4500127,108031.0,0.0671,sell,801457252721179,1756707691288
1756707697.4500127,108032.0,0.01723,buy,51727611857782,1756707691288
1756707697.4500127,108031.0,0.00033,sell,589857161894884,1756707691288
1756707697.4500127,108032.0,0.09843,buy,853431092242036,1756707691288
1756707697.4500127,108032.0,0.18495,buy,582244691646477,1756707695074
1756707697.4500127,108032.0,0.04628,buy,1075852135993057,1756707695074
1756707697.4500127,108032.0,0.28439,buy,924577489922894,1756707695074
1756707697.4500127,108032.0,0.12231,buy,929556479093969,1756707696879
1756707697.4500127,108032.0,0.00117,buy,1094305735146976,1756707691288
1756707697.4500127,108032.0,0.08632,buy,575247751888180,1756707695074
1756707698.0513754,108031.0,0.001,sell,24707884274251,1756707697235
1756707701.8041675,108025.0,0.00011,sell,628750307739677,1756707701410
1756707702.1036203,108022.0,0.1,buy,1070208490665584,1756707701655
1756707702.2034645,108022.0,0.27029,buy,1054441514133234,1756707701852
1756707704.1367595,108014.0,0.01388,sell,855201571287772,1756707703674
1756707707.447477,108015.0,0.00156,buy,143908280306315,1756707707038
1756707707.6110866,108014.0,0.00543,sell,80766949035473,1756707707175
1756707708.7038448,108014.0,0.01312,sell,746536655441284,1756707708391
1756707709.4329083,108014.0,0.00041,sell,317565164763560,1756707709058
1756707710.2477467,108015.0,0.01124,buy,404568347801363,1756707709935
1756707710.2477467,108015.0,0.5,buy,583147915551644,1756707709935
1756707710.2477467,108015.0,0.14863,buy,574084266656761,1756707709935
1756707710.71827,108015.0,0.00021,buy,358086799101509,1756707710149
1756707712.5396316,108014.0,0.18572,sell,32733975268881,1756707712050
1756707712.5396316,108014.0,0.00011,sell,426241052316295,1756707712050
1756707712.5396316,108014.0,0.01417,sell,864907015230010,1756707712050
1756707712.555478,108015.0,0.09258,buy,426909026637473,1756707712118
1756707714.9173615,108014.0,0.013,sell,1031178422923189,1756707714398
1756707715.535157,108015.0,0.00513,buy,1022675923949229,1756707715089
1756707719.552241,108015.0,0.00034,buy,431907532885293,1756707719056
1756707720.9974144,108015.0,0.00458,buy,610100036085466,1756707720463
1756707721.667034,108015.0,0.0228,buy,300034204257734,1756707721071
1756707721.667034,108015.0,0.0001,buy,18843825306698,1756707721071
1756707724.3151958,108015.0,0.60405,buy,277039824229221,1756707723845
1756707724.3151958,108015.0,0.01665,buy,764494551347737,1756707723845
1756707724.3151958,108015.0,0.12447,buy,731049673410562,1756707723845
1756707724.3151958,108015.0,0.00011,buy,531930084837568,1756707723845
1756707726.8651943,108018.0,0.00016,buy,1032968664749579,1756707726289
1756707730.606301,108018.0,0.01649,buy,681581358350197,1756707730080
1756707730.606301,108018.0,0.00011,buy,220690699115312,1756707730080
1756707730.606301,108018.0,0.21263,buy,122162363916452,1756707730080
1756707733.2510686,108017.0,0.002,sell,117893607113457,1756707732597
1756707736.0525887,108017.0,0.04829,sell,85444031230407,1756707735595
1756707736.0525887,108017.0,0.00011,sell,554061342634714,1756707735595
1756707736.0525887,108017.0,0.00718,sell,657072149001828,1756707735595
1756707736.741751,108016.0,0.00089,sell,988609317742398,1756707736353
1756707736.741751,108016.0,0.00011,sell,97885029465615,1756707736353
1756707737.5078688,108017.0,0.00157,buy,1028466159830792,1756707737062
1756707738.811052,108017.0,0.005,buy,251365435487320,1756707738279
1756707738.811052,108018.0,0.0523,buy,196726758741863,1756707738279
1756707739.5187418,108017.0,0.00041,sell,439195798291843,1756707739084
1756707740.442647,108018.0,0.03533,buy,23210124333054,1756707740060
1756707742.097221,108017.0,0.00068,sell,392945265759208,1756707741691
1756707743.279331,108018.0,0.00497,buy,366799902088357,1756707742502
1756707743.279524,108018.0,0.00278,buy,498420006084456,1756707742705
1756707744.886139,108018.0,0.00232,buy,912032960002651,1756707744451
1756707744.886139,108018.0,0.00226,buy,838136036564115,1756707744451
1756707744.886139,108018.0,0.00218,buy,357733476099157,1756707744451
1756707744.886139,108018.0,0.0023,buy,741879028949159,1756707744451
1756707744.886139,108018.0,0.00227,buy,185952562814316,1756707744451
1756707745.0500617,108018.0,0.00228,buy,632121693058540,1756707744638
1756707745.0500617,108018.0,0.0023,buy,32169341049926,1756707744638
1756707745.0500617,108018.0,0.00224,buy,773826992067267,1756707744638
1756707745.0500617,108018.0,0.00229,buy,1101948308370104,1756707744638
1756707745.0500617,108018.0,0.00227,buy,476322562861051,1756707744638
1756707745.5015042,108018.0,0.00514,buy,929733270360398,1756707745020
1756707747.4745183,108018.0,0.00206,buy,367766519374832,1756707746860
1756707749.7480786,108018.0,0.00035,buy,829382085072084,1756707749094
1756707750.0240438,108017.0,0.00068,sell,766759013639051,1756707749513
1756707750.3933115,108017.0,0.00567,sell,445899700392715,1756707749903
1756707751.471122,108017.0,0.01779,sell,638426096260584,1756707750981
1756707751.471122,108017.0,0.0394,sell,919882560882340,1756707750981
1756707751.471122,108017.0,0.00011,sell,669664804138861,1756707750981
1756707751.4852648,108018.0,0.0001,buy,54529248674242,1756707751035
1756707751.4852648,108018.0,0.00603,buy,285625622095825,1756707751035
1756707751.4852648,108018.0,0.01665,buy,889706818237447,1756707751035
1756707751.4852648,108018.0,0.00011,buy,711034613625245,1756707751035
1756707753.5365207,108017.0,0.03533,sell,886295623307373,1756707752714
1756707754.0035365,108018.0,0.00015,buy,1024670463014035,1756707753251
1756707754.0047274,108018.0,0.00205,buy,605076476940837,1756707753353
1756707754.0048227,108017.0,0.00227,sell,223751475213476,1756707753454
1756707754.0048227,108017.0,0.00224,sell,244736572685022,1756707753454
1756707754.1538138,108017.0,0.0023,sell,493046217117901,1756707753510
1756707754.1538138,108017.0,0.00232,sell,576243145191121,1756707753510
1756707754.1538138,108017.0,0.00227,sell,1022294815090062,1756707753510
1756707754.1538138,108017.0,0.0023,sell,221679372489828,1756707753510
1756707754.1538138,108017.0,0.00226,sell,805705997898060,1756707753510
1756707754.1538138,108017.0,0.00228,sell,777663701488502,1756707753510
1756707754.1538138,108017.0,0.00218,sell,535661807771633,1756707753510
1756707754.234825,108017.0,0.00229,sell,736812179950843,1756707753632
1756707756.2691398,108017.0,0.00278,sell,551735689315969,1756707755933
1756707756.4912095,108017.0,0.00497,sell,375744178717671,1756707756002
1756707757.781844,108017.0,0.00015,sell,365239554505333,1756707757388
1756707758.147773,108017.0,0.00068,sell,87760610777402,1756707757554
1756707761.631345,108019.0,0.00011,buy,149033388336233,1756707761104
1756707761.631345,108018.0,0.12067,buy,708111982723050,1756707761104
1756707761.631345,108018.0,0.00011,buy,292295476725118,1756707761104
1756707762.6441166,108025.0,0.00068,sell,382654352582229,1756707762130
1756707764.3484013,108025.0,0.00205,sell,607202781833341,1756707763868
1756707767.4809644,108026.0,0.00156,buy,338165753997805,1756707767106
1756707767.7511814,108026.0,0.00427,buy,134156041682931,1756707767369
1756707769.572844,108025.0,0.0004,sell,757727175025162,1756707769006
1756707769.6335144,108026.0,0.00011,buy,503139570480613,1756707769116
1756707769.6335144,108027.0,0.00011,buy,781259067578476,1756707769116
1756707769.6335144,108030.0,0.00011,buy,274732562177738,1756707769116
1756707769.6335144,108029.0,0.00011,buy,1050835871835136,1756707769116
1756707769.6335144,108028.0,0.00011,buy,596311739026365,1756707769116
1756707769.6335144,108026.0,0.00898,buy,594535826292679,1756707769116
1756707769.6335144,108031.0,0.00011,buy,524641765971374,1756707769116
1756707769.6335144,108035.0,0.13211,buy,884853873697176,1756707769116
1756707769.6335144,108032.0,0.00011,buy,445294819229899,1756707769116
1756707769.6335144,108034.0,0.00011,buy,1004962853098250,1756707769116
1756707769.6335144,108033.0,0.00011,buy,44988712665307,1756707769116
1756707769.6335144,108035.0,0.00011,buy,899809434846337,1756707769116
1756707770.36559,108035.0,0.0001,buy,1009508064130505,1756707769949
1756707771.4050846,108034.0,0.00068,sell,499025496998035,1756707770962
1756707773.2289443,108035.0,0.00011,buy,1101148688929267,1756707772539
1756707774.5686855,108037.0,0.02782,sell,829673840553243,1756707774012
1756707774.5686855,108037.0,0.0007,sell,622162123412740,1756707774012
1756707774.5686855,108038.0,0.0001,buy,1049162900985644,1756707774012
1756707774.701501,108038.0,1e-05,buy,670278399491723,1756707774265
1756707775.4079003,108039.0,0.00011,buy,859188772893113,1756707775016
1756707775.4079003,108040.0,0.00011,buy,97548428941560,1756707775016
1756707775.4079003,108041.0,0.00011,buy,433399026233395,1756707775016
1756707775.4079003,108042.0,0.00011,buy,230051265048390,1756707775016
1756707775.4079003,108042.0,0.00469,buy,942242767974322,1756707775016
1756707776.0487757,108044.0,0.00074,buy,298409615033552,1756707775492
1756707778.984035,108045.0,0.00011,buy,2784462420641,1756707777028
1756707778.984035,108044.0,0.00449,buy,506787832623121,1756707777028
1756707778.984035,108044.0,0.00011,buy,110319878106529,1756707777028
1756707778.984035,108043.0,0.02562,sell,446886619183340,1756707777028
1756707778.984035,108044.0,0.0011,buy,567537544307759,1756707777028
1756707778.984035,108045.0,0.0001,buy,453087455952461,1756707777028
1756707778.984035,108047.0,0.13881,buy,985702561368017,1756707777028
1756707778.984035,108046.0,0.00011,buy,792497820206019,1756707777028
1756707778.984035,108047.0,0.00011,buy,340854020408786,1756707777028
1756707778.984035,108048.0,0.005,buy,793041112033838,1756707777028
1756707778.984035,108048.0,0.30467,buy,1025202208146452,1756707777028
1756707778.984035,108048.0,0.01665,buy,679445030457006,1756707777028
1756707778.984035,108048.0,0.00011,buy,587397930190987,1756707777028
1756707779.5917404,108047.0,0.00068,sell,914890178949090,1756707778634
1756707779.83839,108048.0,0.00035,buy,44191209374087,1756707779053
1756707781.004336,108048.0,0.2,buy,927956655901007,1756707780476
1756707781.5979297,108048.0,0.0001,buy,399719036639017,1756707781061
1756707781.5979297,108048.0,0.0228,buy,822248898887368,1756707781061
1756707782.1592035,108048.0,0.13881,buy,833012978454126,1756707781680
1756707782.1592035,108048.0,0.00011,buy,787824240721719,1756707781680
1756707782.1592035,108048.0,0.1709,buy,492240326305933,1756707781680
1756707782.1592035,108048.0,0.20373,buy,713089798362413,1756707781680
1756707782.1592035,108048.0,0.04627,buy,625329540435965,1756707781680
1756707782.1592035,108048.0,0.12018,buy,868745796870871,1756707781680
1756707786.0261962,108048.0,0.29406,buy,55622179001984,1756707785380
1756707786.0261962,108048.0,0.02679,buy,198081886165093,1756707785380
1756707786.6945193,108047.0,0.00068,sell,491933175946829,1756707786026
1756707790.017552,108048.0,0.0001,buy,579868816967385,1756707789446
1756707791.7681434,108047.0,0.00068,sell,823530317975758,1756707791260
1756707796.388487,108047.0,0.00206,sell,710467784486157,1756707795936
1756707797.5113788,108048.0,0.00156,buy,683535709984766,1756707797014
1756707799.6781287,108047.0,0.00041,sell,434348148711944,1756707799035
1756707800.93296,108048.0,1.13233,buy,526353766340581,1756707800579
1756707800.93296,108048.0,0.00011,buy,672838989613697,1756707800579
1756707800.93296,108048.0,0.48676,buy,354587921006802,1756707800579
1756707800.93296,108048.0,0.01665,buy,69363796193006,1756707800579
1756707800.93296,108048.0,0.39236,buy,347091408595662,1756707800579
1756707800.93296,108048.0,0.01665,buy,92181166715542,1756707800579
1756707801.334443,108049.0,0.00068,sell,552001059811618,1756707800909
1756707804.0768268,108050.0,0.02776,buy,295569385586283,1756707803231
1756707804.0768268,108050.0,0.00011,buy,248112856189663,1756707803231
1756707804.0768268,108050.0,0.00498,buy,1033304176475695,1756707803231
1756707804.5133348,108050.0,0.00138,buy,533104698883093,1756707804005
1756707804.8506007,108050.0,0.00164,buy,322065542285203,1756707804390
1756707805.341104,108049.0,0.00011,sell,507002345979575,1756707804986
1756707805.7438536,108049.0,0.4,buy,97906251983207,1756707805322
1756707806.7718658,108049.0,0.00389,buy,230958764274348,1756707806329
1756707807.6804776,108048.0,0.00068,sell,178541995025780,1756707807188
1756707808.5136812,108049.0,0.25819,buy,482518588455452,1756707808137
1756707809.648239,108049.0,0.00034,buy,1022757120773100,1756707809152
1756707810.6383524,108049.0,0.00015,buy,934421180605182,1756707810169
1756707811.469558,108049.0,0.0001,buy,530418015073756,1756707811031
1756707811.469558,108049.0,0.0228,buy,546988844439066,1756707811031
1756707811.671811,108049.0,0.00326,buy,462572130915964,1756707811188
1756707816.3185258,108049.0,0.02313,buy,244505525234107,1756707815884
1756707821.4863105,108048.0,0.02044,sell,902172107893530,1756707820935
1756707821.4863105,108048.0,0.00011,sell,619503813074472,1756707820935
1756707823.6667025,108049.0,0.00123,buy,901576102343582,1756707823183
1756707825.699855,108048.0,0.00029,sell,1115223555539643,1756707825329
1756707825.8609023,108048.0,0.0272,sell,980515954390241,1756707825476
1756707825.8609023,108048.0,0.00057,sell,744317612999542,1756707825476
1756707826.1590762,108049.0,0.00019,buy,946069128871946,1756707825804
1756707827.063354,108049.0,0.04627,buy,162066752836346,1756707826575
1756707827.3943646,108049.0,0.00157,buy,684698936286038,1756707827026
1756707828.025356,108049.0,0.0001,buy,520493276205573,1756707827586
1756707829.4498425,108048.0,0.00041,sell,907776845891360,1756707829018
1756707829.8084812,108049.0,0.0004,buy,996354930383901,1756707829451
1756707834.812073,108050.0,0.04741,buy,244899609643943,1756707834475
1756707836.870052,108050.0,2e-05,buy,583078046070070,1756707836417
1756707839.525699,108049.0,0.00015,sell,189381197542291,1756707839046
1756707839.525699,108050.0,0.00035,buy,869201361077965,1756707839046
1756707841.448214,108050.0,0.02279,buy,296992014076885,1756707841039
1756707849.2962856,108050.0,0.04371,buy,528214742805256,1756707848669
1756707853.4044642,108050.0,0.02776,buy,222525665888202,1756707852986
1756707853.4044642,108050.0,0.00032,buy,526652604624861,1756707852986
1756707853.4044642,108050.0,0.04627,buy,646130595929840,1756707852986
1756707853.4044642,108050.0,0.02776,buy,24512270668013,1756707852986
1756707853.4044642,108050.0,0.01664,buy,572563784946422,1756707852986
1756707853.4044642,108050.0,0.01664,buy,718131825099283,1756707852986
1756707853.4044642,108050.0,0.00011,buy,1011079804680259,1756707852986
1756707853.4044642,108050.0,1.01974,buy,759249801122647,1756707852986
1756707853.562461,108051.0,0.0002,buy,267865883497823,1756707853126
1756707855.821718,108051.0,1.29819,buy,908956836668059,1756707855486
1756707855.821718,108051.0,0.00011,buy,922794745827601,1756707855486
1756707855.821718,108051.0,0.00119,buy,263177188920502,1756707855486
1756707855.821718,108051.0,0.50087,buy,356279541254523,1756707855486
1756707855.821718,108051.0,0.04922,buy,815107978150027,1756707855486
1756707855.821718,108051.0,0.46416,buy,606524576863130,1756707855486
1756707856.6751697,108051.0,0.00042,buy,69822613852480,1756707856235
1756707857.4303262,108051.0,0.00156,buy,261273797462110,1756707857024
1756707859.6495252,108050.0,0.00041,sell,210721424058371,1756707859100
1756707860.0346408,108050.0,0.3054,sell,500605656576861,1756707859663
1756707860.0346408,108050.0,0.70621,sell,996283600513137,1756707859663
1756707860.6395822,108050.0,0.47384,sell,1009661134756991,1756707860164
1756707861.6604836,108051.0,0.01664,buy,1071175984207031,1756707861265
1756707861.6604836,108051.0,0.1093,buy,164308470167881,1756707861265
1756707861.6604836,108051.0,1.12984,buy,494295208073862,1756707861265
1756707861.6604836,108051.0,0.04627,buy,147414913332812,1756707861265
1756707861.6604836,108051.0,0.50067,buy,697389772614390,1756707861265
1756707861.6604836,108051.0,0.46545,buy,369163735703262,1756707861265
1756707861.6604836,108051.0,0.02899,buy,145436955384314,1756707861265
1756707861.6604836,108051.0,0.01664,buy,299636677931994,1756707861265
1756707867.6233706,108051.0,0.3599,buy,895544181499216,1756707867066
1756707867.6233706,108051.0,0.06695,buy,140525747691944,1756707867066
1756707867.6233706,108051.0,0.00011,buy,430578196995634,1756707867066
1756707867.6233706,108051.0,0.0001,buy,729202489130115,1756707867066
1756707867.6233706,108051.0,0.001,buy,1109797324163830,1756707867066
1756707867.6233706,108051.0,0.51682,buy,170878142211468,1756707867066
1756707867.6233706,108051.0,0.023,buy,242223933011516,1756707867066
1756707867.6233706,108051.0,0.004,buy,1081369340339003,1756707867066
1756707867.6233706,108051.0,0.01664,buy,451109533043197,1756707867066
1756707867.6233706,108051.0,0.01664,buy,447274115088830,1756707867066
1756707867.6233706,108051.0,0.1605,buy,486365557433698,1756707867066
1756707867.6233706,108051.0,0.63973,buy,457187683811022,1756707867066
1756707867.6233706,108051.0,0.5085,buy,419821063807696,1756707867066
1756707869.532102,108051.0,0.00035,buy,144162206428475,1756707869019
1756707869.8119593,108051.0,0.1605,buy,721660933441093,1756707869449
1756707869.8119593,108051.0,0.04627,buy,565375507252031,1756707869449
1756707869.8119593,108051.0,0.50269,buy,1009358804434450,1756707869449
1756707869.8119593,108051.0,0.00011,buy,283546682184489,1756707869449
1756707869.8119593,108052.0,0.05248,buy,1097875335145619,1756707869449
1756707869.8119593,108051.0,0.01664,buy,733659440959164,1756707869449
1756707869.8119593,108051.0,0.03701,buy,98169241610243,1756707869449
1756707869.8119593,108051.0,0.92539,buy,1010521706495067,1756707869449
1756707869.8119593,108052.0,0.00091,buy,321896923794190,1756707869449
1756707869.8119593,108051.0,0.01664,buy,888661752426986,1756707869449
1756707869.8119593,108051.0,0.55523,buy,121145075178979,1756707869449
1756707871.4299335,108051.0,0.0228,buy,224091210983556,1756707871007
1756707871.4299335,108051.0,0.0001,buy,926478108974604,1756707871007
1756707872.0491943,108050.0,0.3485,sell,437695766897324,1756707871675
1756707872.0491943,108050.0,0.33452,sell,165393898912125,1756707871675
1756707872.2405932,108050.0,0.49342,sell,170063454049473,1756707871815
1756707872.2405932,108050.0,0.28886,sell,418860732108246,1756707871815
1756707873.5771763,108050.0,0.18528,sell,805264933604695,1756707873035
1756707873.9763815,108050.0,0.28211,sell,327063361445250,1756707873521
1756707873.9763815,108050.0,0.25621,sell,727554501772089,1756707873521
1756707873.9763815,108050.0,0.23578,sell,605541069013140,1756707873521
1756707873.9763815,108050.0,0.31116,sell,866960712976035,1756707873521
1756707873.9763815,108050.0,0.00925,sell,285642173585652,1756707873521
1756707873.9763815,108050.0,0.48562,sell,899722595992175,1756707873521
1756707873.9763815,108050.0,0.30147,sell,217913219116460,1756707873521
1756707874.140869,108050.0,0.34578,sell,427932372248384,1756707873587
1756707874.140869,108050.0,0.38528,sell,110642919910298,1756707873587
1756707874.5763657,108051.0,1.09892,buy,141507600123964,1756707873917
1756707874.5763657,108051.0,1.21488,buy,150545281100103,1756707873917
1756707874.5763657,108050.0,0.00925,sell,525529036532116,1756707873917
1756707874.7197292,108050.0,0.00925,sell,372922836564651,1756707874033
1756707874.7197292,108050.0,0.49566,sell,366741778340713,1756707874033
1756707874.7197292,108050.0,0.00925,sell,135264034142861,1756707874033
1756707874.7197292,108050.0,0.00925,sell,669191845862132,1756707874033
1756707874.7201016,108050.0,0.00925,sell,561994516683822,1756707874123
1756707874.8099122,108050.0,0.001,sell,162238364937718,1756707874375
1756707875.2441268,108050.0,0.00925,sell,1094473277391975,1756707874853
1756707875.573485,108050.0,0.00925,sell,5763121359411,1756707875120
1756707875.793149,108051.0,0.00011,buy,102302110524153,1756707875379
1756707875.793149,108050.0,0.00925,sell,413363887475013,1756707875379
1756707875.9612317,108050.0,0.00925,sell,724424643212649,1756707875532
1756707875.9612317,108050.0,0.00925,sell,708986469950983,1756707875532
1756707876.2138424,108050.0,0.00925,sell,458627019647392,1756707875730
1756707876.2138424,108051.0,0.0688,buy,819792190130090,1756707875730
1756707876.2138424,108051.0,1.09916,buy,704129907417108,1756707875730
1756707876.2138424,108051.0,0.66863,buy,66890975423529,1756707875730
1756707876.2138424,108051.0,0.42984,buy,602916441708919,1756707875730
1756707876.2138424,108051.0,0.001,buy,373916053004254,1756707875730
1756707876.2138424,108051.0,0.04627,buy,57051469952044,1756707875730
1756707876.2138424,108051.0,0.0001,buy,754121190673386,1756707875730
1756707876.2644796,108050.0,0.00925,sell,563272381308693,1756707875907
1756707876.702247,108050.0,0.00925,sell,714608990476509,1756707876335
1756707876.804092,108050.0,0.00925,sell,750449172664384,1756707876387
1756707877.0546932,108050.0,0.00925,sell,697368956211139,1756707876591
1756707877.0546932,108050.0,0.00925,sell,409463079492201,1756707876591
1756707877.3410952,108051.0,0.00024,buy,200997954968247,1756707876991
1756707877.3410952,108050.0,0.00925,sell,586460545748395,1756707876991
1756707877.3410952,108050.0,0.00925,sell,1094943416614664,1756707876991
1756707877.9177911,108050.0,0.00925,sell,850463696010065,1756707877414
1756707877.9177911,108050.0,0.00925,sell,16926225082348,1756707877414
1756707878.0566993,108050.0,0.00925,sell,665492698800817,1756707877610
1756707878.3137758,108051.0,0.01664,buy,735019454234376,1756707877808
1756707878.3137758,108051.0,0.1475,buy,127322661550734,1756707877808
1756707878.3137758,108050.0,0.00925,sell,140427492906114,1756707877808
1756707878.3137758,108051.0,0.01664,buy,448911740026320,1756707877808
1756707878.3137758,108051.0,0.06793,buy,518779515394037,1756707877808
1756707878.3137758,108051.0,0.00011,buy,900140992094658,1756707877808
1756707878.3137758,108051.0,0.95042,buy,218235060055507,1756707877808
1756707878.3137758,108051.0,0.55523,buy,885773021534423,1756707877808
1756707878.3137758,108051.0,0.55942,buy,899846597009045,1756707877808
1756707878.5072715,108050.0,0.00925,sell,116024663382718,1756707878011
1756707878.5072715,108050.0,0.00925,sell,231862317382834,1756707878011
1756707878.927605,108050.0,0.00925,sell,992061190840022,1756707878442
1756707878.927605,108050.0,0.00925,sell,965969780286456,1756707878442
1756707878.9568138,108050.0,0.00925,sell,727393959231692,1756707878557
1756707879.575058,108050.0,0.00925,sell,1031098610912397,1756707878957
1756707879.6376753,108050.0,0.00925,sell,569246681265331,1756707879155
1756707879.6376753,108050.0,0.00925,sell,186891659179865,1756707879155
1756707879.990972,108050.0,0.00925,sell,1031509839019579,1756707879566
1756707879.990972,108050.0,0.00925,sell,709967553824039,1756707879566
1756707880.06293,108050.0,0.00925,sell,100442396424825,1756707879650
1756707880.5250423,108051.0,0.00015,buy,774023196962606,1756707880049
1756707880.5250423,108050.0,1.28907,sell,917825334764772,1756707880049
1756707880.5250423,108050.0,0.45825,sell,614146827813736,1756707880049
1756707880.5820146,108051.0,0.55512,buy,26182702844382,1756707880143
1756707880.5820146,108051.0,0.01364,buy,940239330218189,1756707880143
1756707880.5820146,108051.0,1.17614,buy,535199322762839,1756707880143
1756707880.5820146,108051.0,0.0001,buy,1031206352830737,1756707880143
1756707880.5820146,108051.0,0.56889,buy,134618610532705,1756707880143
1756707880.6064675,108050.0,0.00925,sell,401510426741067,1756707880245
1756707880.7689595,108050.0,0.00925,sell,626535189732805,1756707880283
1756707880.817303,108050.0,0.00925,sell,574577595489712,1756707880372
1756707881.0537777,108050.0,0.00925,sell,949213938035710,1756707880587
1756707881.221575,108050.0,0.00925,sell,911639427506709,1756707880833
1756707881.221575,108050.0,0.00925,sell,886586316415542,1756707880833
1756707883.4361193,108053.0,0.47468,buy,113581963343601,1756707882838
1756707883.4361193,108052.0,0.00011,buy,957816289994166,1756707882838
1756707883.4361193,108052.0,0.01937,buy,522014537530193,1756707882838
1756707883.4361193,108051.0,0.46295,buy,755625138034036,1756707882838
1756707883.4361193,108052.0,0.01761,buy,548801758212052,1756707882838
1756707883.4361193,108051.0,0.01664,buy,28586283402087,1756707882838
1756707883.4361193,108051.0,0.01664,buy,727069279810034,1756707882838
1756707883.4361193,108051.0,1.3058,buy,73472400354321,1756707882838
1756707883.4361193,108051.0,0.00011,buy,318725016496006,1756707882838
1756707884.7992702,108052.0,0.00015,sell,530666806528733,1756707884353
1756707885.1395514,108055.0,0.004,buy,123047879230774,1756707884663
1756707885.1395514,108053.0,0.47432,buy,596630282290633,1756707884663
1756707885.1395514,108053.0,0.0708,buy,409952328715293,1756707884663
1756707885.1395514,108054.0,1.15364,buy,217597432070924,1756707884663
1756707885.1395514,108055.0,0.00011,buy,868364328998153,1756707884663
1756707885.1395514,108053.0,0.03713,buy,509291927235378,1756707884663
1756707885.1395514,108056.0,0.14237,buy,133699941796166,1756707884663
1756707885.1395514,108056.0,0.00011,buy,972477338881300,1756707884663
1756707885.1395514,108053.0,0.03701,buy,141543503130370,1756707884663
1756707885.1395514,108056.0,0.11073,buy,980583937207316,1756707884663
1756707885.1395514,108056.0,0.2792,buy,266800319827801,1756707884663
1756707885.1395514,108056.0,0.00449,buy,479378533066047,1756707884663
1756707887.1687136,108056.0,0.1605,buy,22696447242730,1756707886790
1756707887.1687136,108056.0,0.48186,buy,1099483614658651,1756707886790
1756707887.1687136,108056.0,0.0708,buy,966433470942954,1756707886790
1756707887.1687136,108056.0,0.18508,buy,905141007406503,1756707886790
1756707887.1687136,108056.0,0.00011,buy,846296749199226,1756707886790
1756707887.1687136,108056.0,0.03701,buy,842599910487380,1756707886790
1756707887.1687136,108057.0,0.00011,buy,47424628240118,1756707886790
1756707887.1687136,108057.0,0.00449,buy,124231775845897,1756707886790
1756707887.1687136,108057.0,0.32388,buy,26918024353965,1756707886790
1756707887.1687136,108058.0,0.35988,buy,429363463888801,1756707886790
1756707887.1687136,108058.0,0.01802,buy,679405253152169,1756707886790
1756707887.1687136,108058.0,0.01982,buy,842574480551299,1756707886790
1756707887.1687136,108058.0,0.11073,buy,912758477041452,1756707886790
1756707887.1687136,108059.0,0.00011,buy,888879421549883,1756707886790
1756707887.1687136,108059.0,0.54136,buy,504273388010337,1756707886790
1756707887.1687136,108058.0,0.00011,buy,735685529579010,1756707886790
1756707887.4493532,108059.0,0.00156,buy,378740069444235,1756707887000
1756707889.271752,108059.0,0.00449,buy,544983897451258,1756707888648
1756707889.271752,108059.0,0.04627,buy,754038214737131,1756707888648
1756707889.271752,108059.0,0.48252,buy,418704065905412,1756707888648
1756707889.271752,108059.0,0.07078,buy,1002992658943364,1756707888648
1756707889.271752,108059.0,0.1605,buy,103255537994881,1756707888648
1756707889.271752,108059.0,0.08,buy,768242530433917,1756707888648
1756707889.271752,108059.0,0.00011,buy,702099117337843,1756707888648
1756707889.271752,108059.0,0.49904,buy,647556983644459,1756707888648
1756707889.271752,108059.0,0.01664,buy,517606019676377,1756707888648
1756707889.271752,108060.0,0.0003,buy,215922281570468,1756707888648
1756707889.271752,108060.0,0.3,buy,975659434309697,1756707888648
1756707889.271752,108060.0,0.02713,buy,608565669151049,1756707888648
1756707889.271752,108060.0,0.08,buy,231981565602888,1756707888648
1756707889.271752,108060.0,0.4627,buy,186427898321781,1756707888648
1756707889.271752,108060.0,0.04627,buy,981712970510513,1756707888648
1756707889.271752,108059.0,0.03701,buy,86463882180929,1756707888648
1756707889.572208,108060.0,0.0001,buy,949398014856802,1756707888856
1756707889.5723977,108059.0,0.0004,sell,848423440955124,1756707889051
1756707898.6061618,108060.0,0.02685,buy,1014227946513407,1756707898174
1756707898.6061618,108060.0,0.02776,buy,918230248456366,1756707898174
1756707899.4943883,108060.0,0.00034,buy,957817259404427,1756707899012
1756707901.605806,108060.0,0.00615,buy,375296675346833,1756707901137
1756707901.605806,108060.0,0.0001,buy,778304868123589,1756707901137
1756707901.605806,108060.0,0.01664,buy,684454862295601,1756707901137
1756707901.8007777,108060.0,0.001,buy,267350465634693,1756707901316
1756707901.8007777,108060.0,0.00856,buy,393327638491717,1756707901316
1756707906.6078455,108059.0,0.01852,sell,255874993550734,1756707906110
1756707910.1567829,108057.0,0.00011,sell,649579647605233,1756707909533
1756707910.1567829,108056.0,0.00011,sell,246729463035383,1756707909533
1756707910.1567829,108055.0,0.00712,sell,130365742764151,1756707909533
1756707910.1567829,108058.0,0.00449,sell,577297839725160,1756707909533
1756707910.1567829,108059.0,0.00011,sell,19257727379924,1756707909533
1756707910.1567829,108058.0,0.00011,sell,304330852837655,1756707909533
1756707910.2416537,108055.0,0.11111,sell,736728606602108,1756707909566
1756707910.363551,108055.0,0.00925,sell,26120388856719,1756707909630
1756707910.7461774,108055.0,0.00925,sell,744960786257519,1756707910087
1756707910.9775934,108055.0,0.00925,sell,587742331929480,1756707910169
1756707910.9775934,108055.0,0.00925,sell,304310553337143,1756707910169
1756707910.994549,108055.0,0.00925,sell,8537240512852,1756707910344
1756707911.2512708,108055.0,0.00925,sell,885501683120005,1756707910635
1756707911.2525072,108055.0,0.68405,sell,1036034902378860,1756707910701
1756707911.2525072,108055.0,0.65478,sell,654221772359240,1756707910701
1756707911.2525072,108055.0,0.81676,sell,99120527405787,1756707910701
1756707911.355368,108055.0,0.44772,sell,378135245906156,1756707910772
1756707911.355368,108055.0,0.00925,sell,1085446055613792,1756707910772
1756707911.8013892,108055.0,0.00925,sell,558762612108139,1756707911369
1756707911.8013892,108055.0,0.00925,sell,514227290258447,1756707911369
1756707911.8013892,108055.0,0.00925,sell,449054649608213,1756707911369
1756707912.074403,108055.0,0.00925,sell,540461883143260,1756707911635
1756707912.3013198,108055.0,0.00925,sell,85424606085893,1756707911713
1756707912.6444163,108055.0,0.00925,sell,1098080572700303,1756707911983
1756707912.836603,108055.0,0.02776,sell,1085568691923832,1756707912317
1756707912.9190023,108054.0,0.00011,sell,292240168976080,1756707912387
1756707912.9190023,108055.0,0.009,sell,1122567801455120,1756707912387
1756707912.9190023,108055.0,0.00011,sell,1031767217131533,1756707912387
1756707912.9190023,108055.0,0.1388,sell,611023909681313,1756707912387
1756707912.9190023,108052.0,0.00011,sell,956819642450661,1756707912387
1756707912.9190023,108053.0,0.00011,sell,524776355769591,1756707912387
1756707912.9190023,108051.0,0.00011,sell,1095950554942621,1756707912387
1756707912.9190023,108051.0,0.90654,sell,117488126695231,1756707912387
1756707913.119502,108051.0,0.22344,sell,680482914389682,1756707912441
1756707913.119502,108051.0,0.00925,sell,164152676980573,1756707912441
1756707913.119502,108051.0,0.01885,sell,635847967047679,1756707912441
1756707913.119502,108051.0,0.03672,sell,605493814830578,1756707912441
1756707913.119502,108051.0,0.001,sell,612036155970427,1756707912441
1756707913.119502,108051.0,0.20838,sell,1051643965941724,1756707912441
1756707913.119502,108051.0,0.00925,sell,347915701010981,1756707912441
1756707913.119502,108051.0,0.90929,sell,374211850879418,1756707912441
1756707913.119502,108051.0,0.07189,sell,217085767466507,1756707912441
1756707913.119502,108051.0,0.31121,sell,641885128761190,1756707912441
1756707913.119502,108051.0,0.02768,sell,1095040656768230,1756707912441
1756707913.119502,108051.0,0.00925,sell,528146374063004,1756707912441
1756707913.158547,108051.0,0.0142,sell,53985352559544,1756707912542
1756707913.1757965,108051.0,0.02773,sell,99997547716161,1756707912618
1756707913.2776222,108051.0,0.00925,sell,158869214442492,1756707912775
1756707913.5646362,108051.0,0.00925,sell,507010204603325,1756707913075
1756707913.5830543,108051.0,0.00925,sell,55341579515644,1756707913173
1756707917.4231386,108052.0,0.001,buy,724248227469701,1756707917024
1756707917.4231386,108052.0,0.00057,buy,156593251992309,1756707917024
1756707917.962275,108050.0,0.59299,sell,102273777487504,1756707917403
1756707919.9127026,108050.0,0.00041,sell,339548280307296,1756707919032
1756707920.622476,108051.0,0.00419,buy,120930193396524,1756707920110
1756707930.0324028,108051.0,0.00035,buy,220621859049651,1756707929037
1756707930.034134,108050.0,0.40972,sell,741030064509912,1756707929302
1756707931.666164,108051.0,0.0228,buy,363868520933724,1756707931021
1756707931.666164,108051.0,0.0001,buy,740359332519135,1756707931021
1756707936.0969815,108051.0,0.01664,buy,822855310648223,1756707935612
1756707939.0082834,108051.0,0.00057,sell,743298489610716,1756707938548
1756707944.5579202,108051.0,0.00057,sell,455336911887454,1756707944022
1756707947.5377362,108052.0,0.00156,buy,1041857950115320,1756707947016
1756707949.0823605,108052.0,0.00055,buy,1240078969475,1756707948671
1756707949.4946158,108051.0,0.00041,sell,1067608055483073,1756707949054
1756707950.4460845,108052.0,0.08862,buy,985008184405803,1756707949963
1756707950.956733,108050.0,0.05556,sell,956583094401583,1756707950532
1756707950.956733,108050.0,0.00925,sell,634550955954687,1756707950532
1756707951.4000168,108050.0,0.00925,sell,277624124544420,1756707950916
1756707951.4741893,108050.0,0.00925,sell,345109850232038,1756707950977
1756707951.4741893,108050.0,0.00925,sell,926298596090745,1756707950977
1756707951.6154065,108050.0,0.00925,sell,716717420710067,1756707951209
1756707951.6154065,108050.0,0.00925,sell,873562941713085,1756707951209
1756707952.2771912,108050.0,0.00925,sell,642624597889553,1756707951786
1756707952.5293458,108050.0,0.00925,sell,767320951305549,1756707951985
1756707952.5809383,108050.0,0.00925,sell,4160260803322,1756707952081
1756707952.622329,108050.0,0.00925,sell,591303363218972,1756707952187
1756707952.8707514,108050.0,0.00925,sell,982007831930205,1756707952390
1756707952.8707514,108050.0,0.00925,sell,808743771199257,1756707952390
1756707953.3971052,108050.0,0.00925,sell,208480927595311,1756707952928
1756707953.5808012,108050.0,0.00925,sell,452520615489544,1756707953190
1756707953.743958,108050.0,0.00925,sell,722314973584770,1756707953325
1756707953.743958,108050.0,0.00925,sell,657544649269681,1756707953325
1756707953.896608,108050.0,0.00057,sell,536011417162483,1756707953388
1756707954.1129394,108050.0,0.00925,sell,172473797138727,1756707953685
1756707954.1129394,108050.0,0.00925,sell,425765101346612,1756707953685
1756707954.4906054,108050.0,0.00925,sell,553903875920084,1756707953991
1756707955.1417196,108050.0,0.00925,sell,360255005415259,1756707954195
1756707955.1431637,108050.0,0.00925,sell,456943223948155,1756707954518
1756707955.143296,108050.0,0.00925,sell,836365903094786,1756707954616
1756707955.3726015,108050.0,0.00925,sell,402798591926595,1756707954903
1756707955.3726015,108050.0,0.00925,sell,938515508019786,1756707954903
1756707955.642264,108050.0,0.00925,sell,247728127147125,1756707955109
1756707955.896319,108050.0,0.00925,sell,650375450367527,1756707955510
1756707956.387411,108050.0,0.00925,sell,788780187003862,1756707955931
1756707956.666891,108050.0,0.00925,sell,332382877260992,1756707956068
1756707956.902462,108050.0,0.00925,sell,865092245467217,1756707956418
1756707956.902462,108050.0,0.00925,sell,599503881536594,1756707956418
1756707956.902462,108050.0,0.00925,sell,515194656721217,1756707956418
1756707956.9290144,108050.0,0.00925,sell,388774813058582,1756707956540
1756707957.5219083,108050.0,0.00925,sell,595732640648273,1756707957016
1756707958.0711167,108050.0,0.19995,sell,542495224252469,1756707957534
1756707958.0711167,108050.0,0.33261,sell,58418164138295,1756707957534
1756707958.0711167,108050.0,0.00925,sell,403289236070359,1756707957534
1756707958.0711167,108050.0,0.00925,sell,810064717842352,1756707957534
1756707958.0711167,108050.0,0.00925,sell,67775908884723,1756707957534
1756707958.0711167,108050.0,0.00927,sell,890376082868643,1756707957534
1756707958.0711167,108050.0,0.00925,sell,810087137871983,1756707957534
1756707958.0711167,108050.0,0.49604,sell,294559259843,1756707957534
1756707958.0711167,108050.0,0.00011,sell,82575307217616,1756707957534
1756707958.0711167,108050.0,0.05,sell,247890283344717,1756707957534
1756707958.0711167,108050.0,0.31249,sell,600327433012559,1756707957534
1756707958.0711167,108050.0,0.2357,sell,657494725359368,1756707957534
1756707958.0711167,108050.0,0.27828,sell,78035479353247,1756707957534
1756707958.1344547,108049.0,0.00011,sell,960471577788499,1756707957663
1756707958.1344547,108048.0,0.00011,sell,422902503566305,1756707957663
1756707958.1344547,108047.0,0.00011,sell,446887530590909,1756707957663
1756707958.1344547,108046.0,0.00011,sell,83193506355272,1756707957663
1756707958.1344547,108045.0,0.00011,sell,817629473787999,1756707957663
1756707958.1344547,108038.0,0.00011,sell,564924973013213,1756707957663
1756707958.1344547,108044.0,0.00011,sell,1076589121655516,1756707957663
1756707958.1344547,108042.0,0.00011,sell,868944544370447,1756707957663
1756707958.1344547,108041.0,0.00011,sell,74334580130884,1756707957663
1756707958.1344547,108040.0,0.00011,sell,342406027533752,1756707957663
1756707958.1344547,108039.0,0.00011,sell,304410590814221,1756707957663
1756707958.1344547,108039.0,0.0005,sell,525853190087942,1756707957663
1756707958.1344547,108029.0,0.00011,sell,467513282387899,1756707957663
1756707958.1344547,108043.0,0.00011,sell,470297082070815,1756707957663
1756707958.1344547,108030.0,0.00011,sell,405621274347871,1756707957663
1756707958.1344547,108026.0,0.00228,sell,23018045118698,1756707957663
1756707958.1344547,108026.0,0.00011,sell,930873939571038,1756707957663
1756707958.1344547,108027.0,0.00011,sell,568565959558838,1756707957663
1756707958.1344547,108028.0,0.03669,sell,960877591807820,1756707957663
1756707958.1344547,108028.0,0.00011,sell,370863925487434,1756707957663
1756707958.1344547,108036.0,0.00011,sell,219428051880488,1756707957663
1756707958.1344547,108031.0,0.00011,sell,350666846392715,1756707957663
1756707958.1344547,108033.0,0.00011,sell,324835232087855,1756707957663
1756707958.1344547,108034.0,0.00011,sell,168478667245549,1756707957663
1756707958.1344547,108035.0,0.00011,sell,704074913180473,1756707957663
1756707958.1344547,108032.0,0.00011,sell,1008471292943712,1756707957663
1756707958.1344547,108037.0,0.00011,sell,1121299455512442,1756707957663
1756707958.4077628,108027.0,0.042,sell,612743101993850,1756707957932
1756707958.4077628,108027.0,0.042,sell,290892008461025,1756707957932
1756707959.1732986,108029.0,0.00011,sell,144877009530483,1756707958731
1756707959.1732986,108029.0,0.0462,sell,254274660321281,1756707958731
1756707959.5977712,108030.0,0.00035,buy,1037265927458498,1756707959072
1756707960.2982154,108025.0,0.00011,sell,346890243047829,1756707959771
1756707960.2982154,108024.0,0.00011,sell,843489443997271,1756707959771
1756707960.2982154,108024.0,0.06974,sell,542166014305323,1756707959771
1756707961.0630243,108023.0,0.00011,sell,507506209554799,1756707960172
1756707961.0630243,108022.0,0.00011,sell,615615548666686,1756707960172
1756707961.0630243,108022.0,0.00035,sell,691539572533749,1756707960172
1756707961.876059,108021.0,0.02279,buy,1048063164316582,1756707961067
1756707961.876059,108021.0,0.0001,buy,580203040761120,1756707961067
1756707966.3781917,108020.0,0.00011,sell,50316394837967,1756707965730
1756707966.3781917,108018.0,0.00011,sell,776952195224066,1756707965730
1756707966.3781917,108020.0,0.006,sell,150389154349066,1756707965730
1756707966.3781917,108017.0,0.00267,sell,690000591449698,1756707965730
1756707966.3781917,108019.0,0.00011,sell,137858342429913,1756707965730
1756707966.926575,108017.0,0.00066,sell,826730371332706,1756707966262
1756707966.926575,108017.0,0.00011,sell,79714431233417,1756707966262
1756707966.926575,108016.0,0.00011,sell,553508659029406,1756707966262
1756707966.926575,108014.0,0.00197,sell,719284973770997,1756707966262
1756707966.926575,108014.0,0.00271,sell,1034676576549231,1756707966262
1756707967.1084096,108014.0,0.00191,sell,892021536020513,1756707966652
1756707967.4491992,108009.0,0.00449,sell,542879142411200,1756707967017
1756707967.4491992,108008.0,0.00751,sell,944735257978587,1756707967017
1756707967.4491992,108008.0,0.009,sell,189827240705530,1756707967017
1756707967.4491992,108008.0,0.01,sell,288991670277915,1756707967017
1756707967.8087516,108008.0,0.01091,sell,980691033667617,1756707967291
1756707967.8087516,108007.0,0.00011,sell,60057578143557,1756707967291
1756707967.8087516,108006.0,0.01912,sell,774505990372739,1756707967291
1756707967.8087516,108006.0,0.00086,sell,143833072367868,1756707967291
1756707968.3610752,108005.0,0.00011,sell,759374784384936,1756707967850
1756707968.3610752,108004.0,0.00011,sell,791866258495945,1756707967850
1756707968.3610752,108003.0,0.00011,sell,465201249386192,1756707967850
1756707968.3610752,108001.0,0.00011,sell,87979405256124,1756707967850
1756707968.3610752,108001.0,0.01421,sell,1115227105586450,1756707967850
1756707968.8804271,108000.0,0.00231,sell,876397871360047,1756707968383
1756707968.8804271,108000.0,0.00201,sell,1086586950224439,1756707968383
1756707969.145359,108001.0,0.01031,buy,566573376101658,1756707968626
1756707970.7281885,108000.0,0.01624,sell,297896552461920,1756707970340
1756707970.7281885,108000.0,0.00011,sell,65910558893459,1756707970340
1756707970.819377,107997.0,0.00011,sell,578586460804381,1756707970414
1756707970.819377,107996.0,0.00024,sell,356545289437142,1756707970414
1756707970.819377,107999.0,0.00011,sell,325037036925281,1756707970414
1756707970.819377,107998.0,0.00011,sell,104598636753780,1756707970414
1756707970.819377,107996.0,0.02778,sell,874333821634426,1756707970414
1756707970.9329884,107996.0,0.0316,sell,925311053617371,1756707970480
1756707972.2235637,107996.0,0.01,sell,673257787316483,1756707971827
1756707972.9175897,107991.0,0.00407,sell,648970695037329,1756707972242
1756707972.9175897,107991.0,0.00011,sell,219532256191387,1756707972242
1756707972.9175897,107993.0,0.00011,sell,734900447233124,1756707972242
1756707972.9175897,107995.0,0.00011,sell,794917710345049,1756707972242
1756707972.9175897,107996.0,0.00011,sell,784396487492026,1756707972242
1756707972.9175897,107996.0,0.00038,sell,156833578758817,1756707972242
1756707972.9175897,107994.0,0.00011,sell,738387352446587,1756707972242
1756707974.6146388,107990.0,0.00011,sell,24444757505261,1756707974049
1756707974.6146388,107990.0,0.00311,sell,884881652439083,1756707974049
1756707974.9064798,107990.0,0.00512,sell,75770592987418,1756707974454
1756707976.793516,107990.0,0.00057,sell,291159358213372,1756707976447
1756707977.5441492,107991.0,0.00156,buy,716396573398860,1756707977050
1756707979.4174218,107990.0,0.00041,sell,244851287416802,1756707979063
1756707982.2524805,107990.0,0.36958,sell,611699377628381,1756707981841
1756707982.2524805,107990.0,0.13042,sell,966185360264346,1756707981841
1756707984.263888,107991.0,0.00046,buy,572338037116617,1756707983765
1756707984.4485695,107991.0,0.00978,buy,322169855066754,1756707984031
1756707984.4485695,107991.0,0.00042,buy,692192256920473,1756707984031
1756707984.783473,107990.0,0.00057,sell,173234861388675,1756707984337
1756707989.2645082,107990.0,0.00057,sell,956904909868335,1756707988818
1756707989.4638524,107991.0,0.00035,buy,673197146472961,1756707989024
1756707991.4909463,107991.0,0.0228,buy,349328279843796,1756707991020
1756707991.4909463,107991.0,0.0001,buy,443828336606926,1756707991020
1756707991.987255,107990.0,0.0101,sell,94806234787567,1756707991524
1756707992.396216,107990.0,0.0001,sell,800850269589739,1756707991834
1756707993.944883,107991.0,0.11365,buy,276727989864792,1756707993465
1756707993.944883,107991.0,0.5,buy,719950301346668,1756707993465
1756707993.944883,107991.0,0.25,buy,329088172507658,1756707993465
1756707993.944883,107991.0,0.5,buy,474308094406655,1756707993465
1756707993.944883,107991.0,0.2,buy,799116554582345,1756707993465
1756707993.944883,107991.0,0.53132,buy,1103382441502101,1756707993465
1756707993.944883,107991.0,0.13732,buy,544990915877441,1756707993465
1756707993.944883,107991.0,0.07408,buy,1101966139447914,1756707993465
1756707993.944883,107991.0,0.69253,buy,514269062515062,1756707993465
1756707993.944883,107991.0,0.001,buy,388818863959151,1756707993465
1756707993.944883,107991.0,0.0001,buy,1017340869768889,1756707993465
1756707994.3067632,107990.0,0.00507,sell,318957404926222,1756707993868
1756707997.2585514,108002.0,0.00057,sell,596219935468462,1756707996711
1756708004.853343,108002.0,0.00057,sell,184266416456168,1756708004371
1756708007.3252342,108003.0,0.00011,buy,1031829097404212,1756708006899
1756708007.3252342,108003.0,4e-05,buy,1042956229963943,1756708006899
1756708007.499295,108003.0,0.00157,buy,477987250844979,1756708007043
1756708009.1967752,108011.0,0.00647,buy,236018131483750,1756708008785
1756708009.3866887,108010.0,0.0004,sell,1095455572557643,1756708009001
1756708011.0118356,108010.0,0.00015,sell,413687475421435,1756708010553
1756708014.1730523,108011.0,0.01471,buy,166737515492360,1756708013727
1756708015.0641787,108010.0,0.00501,sell,572329992234496,1756708014661
1756708019.4119718,108011.0,0.00034,buy,459887973591165,1756708019062
1756708021.8024244,108011.0,0.0001,buy,606908445870780,1756708021047
1756708021.8024244,108011.0,0.0228,buy,497986097976800,1756708021047
1756708022.2762446,108006.0,0.00011,sell,1000192543329655,1756708021655
1756708022.2762446,108004.0,0.00011,sell,85742402539822,1756708021655
1756708022.2762446,108004.0,0.00217,sell,859880100354566,1756708021655
1756708022.2762446,108005.0,0.00011,sell,1040208564567272,1756708021655
1756708022.2762446,108001.0,0.00011,sell,131054377894643,1756708021655
1756708022.2762446,108007.0,0.00011,sell,764735579701730,1756708021655
1756708022.2762446,108008.0,0.00011,sell,730457535442436,1756708021655
1756708022.2762446,108009.0,0.00011,sell,230889490209700,1756708021655
1756708022.2762446,108002.0,0.00011,sell,1012712118884156,1756708021655
1756708022.2762446,108003.0,0.00011,sell,642459529952202,1756708021655
1756708022.2762446,108010.0,0.00011,sell,839076223309606,1756708021655
1756708022.2762446,107995.0,0.00011,sell,658450587846221,1756708021655
1756708022.2762446,108000.0,0.00011,sell,365724264271521,1756708021655
1756708022.2762446,107993.0,0.01474,sell,40865049966756,1756708021655
1756708022.2762446,107993.0,0.00011,sell,541240186745635,1756708021655
1756708022.2762446,107994.0,0.00011,sell,79232688205519,1756708021655
1756708022.2762446,107999.0,0.00011,sell,705038698804584,1756708021655
1756708022.2762446,107996.0,0.00011,sell,432034833208417,1756708021655
1756708022.2762446,107997.0,0.03669,sell,785367581540772,1756708021655
1756708022.2762446,107997.0,0.00011,sell,1059487921763487,1756708021655
1756708022.2762446,107998.0,0.00011,sell,48203580872703,1756708021655
1756708022.4745288,107992.0,0.10118,sell,564833560745695,1756708021982
1756708022.4745288,107992.0,0.00011,sell,770178506222045,1756708021982
1756708023.263562,107993.0,0.089,buy,879804985527424,1756708022682
1756708023.830139,107993.0,0.03725,buy,174943225028351,1756708023284
1756708027.1355968,107992.0,0.00011,sell,770778895322769,1756708026596
1756708027.1355968,107987.0,0.00784,sell,584752572264081,1756708026596
1756708027.1355968,107987.0,0.00011,sell,488409803569997,1756708026596
1756708027.1355968,107988.0,0.00011,sell,245937989605091,1756708026596
1756708027.1355968,107988.0,0.001,sell,273724878111489,1756708026596
1756708027.1355968,107989.0,0.00011,sell,621718863607877,1756708026596
1756708027.1355968,107990.0,0.00011,sell,604688605542818,1756708026596
1756708027.1355968,107991.0,0.00011,sell,804118221398552,1756708026596
1756708027.1355968,107989.0,0.0005,sell,1022573009664037,1756708026596
1756708028.2669485,107982.0,0.00531,sell,1009853568610197,1756708027782
1756708028.2669485,107982.0,0.03669,sell,828371419888592,1756708027782
1756708028.6848216,107982.0,0.00011,sell,1074306758671605,1756708028188
1756708028.6848216,107982.0,0.03189,sell,353895113651349,1756708028188
1756708028.6848216,107982.0,0.008,sell,753575843641167,1756708028188
1756708032.1831,107995.0,0.00011,buy,482929920589026,1756708031734
1756708032.1831,107994.0,0.00011,buy,282481880761242,1756708031734
1756708032.1831,107992.0,0.00011,buy,884657905267571,1756708031734
1756708032.1831,107993.0,0.00011,buy,841201106289870,1756708031734
1756708032.1831,107990.0,0.0001,buy,471908766997852,1756708031734
1756708032.1831,107990.0,0.00011,buy,313937597723238,1756708031734
1756708032.1831,107991.0,0.00011,buy,707185559767403,1756708031734
1756708033.7289834,108003.0,0.00011,buy,443934131531729,1756708033092
1756708033.7289834,108006.0,0.05245,buy,157591890057297,1756708033092
1756708033.7289834,108006.0,0.00011,buy,23640968639997,1756708033092
1756708033.7289834,108002.0,0.00011,buy,936208978995996,1756708033092
1756708033.7289834,108004.0,0.00011,buy,277237886806381,1756708033092
1756708033.7289834,108005.0,0.00011,buy,782413361168347,1756708033092
1756708037.4524918,108006.0,0.00156,buy,635483264312038,1756708037094
1756708039.1414506,108005.0,0.09418,sell,601091883543522,1756708038713
1756708039.442865,108005.0,0.00041,sell,1014316291680891,1756708039039
1756708043.5831654,108006.0,0.05555,buy,427132244142115,1756708043047
1756708045.3376532,108006.0,0.22927,buy,437585556435688,1756708044861
1756708045.3647687,108006.0,0.18577,buy,363077033930125,1756708044960
1756708049.5105278,108010.0,0.00035,buy,739368570887690,1756708049014
1756708051.5797014,108010.0,0.0001,buy,181435332005248,1756708051056
1756708051.5797014,108010.0,0.0163,buy,844837585120532,1756708051056
1756708051.5797014,108010.0,0.00649,buy,1095346390813490,1756708051056
1756708052.2297215,108010.0,0.02112,buy,1050886623560216,1756708051913
1756708053.7571108,108010.0,0.46362,buy,616927519991967,1756708053339
1756708053.7571108,108010.0,0.00011,buy,704351526728523,1756708053339
1756708053.7571108,108010.0,0.32401,buy,1078744480586875,1756708053339
1756708053.7571108,108010.0,0.78557,buy,935517354783859,1756708053339
1756708058.6311312,108011.0,0.00011,buy,405509684788042,1756708058097
1756708058.6311312,108012.0,0.00011,buy,808940012885248,1756708058097
1756708058.6311312,108013.0,0.00011,buy,913304355141958,1756708058097
1756708060.4944026,108027.0,0.00011,buy,986896482087147,1756708059982
1756708060.4944026,108026.0,0.00011,buy,5244085880047,1756708059982
1756708060.4944026,108028.0,0.00011,buy,692216424694087,1756708059982
1756708063.9699695,108036.0,0.02182,sell,873317867958112,1756708063583
1756708066.647529,108037.0,0.00011,buy,616073053126487,1756708066309
1756708066.647529,108037.0,0.00376,buy,712430642322431,1756708066309
1756708067.3586946,108037.0,0.04252,buy,927401806779210,1756708066998
1756708067.3586946,108038.0,0.00011,buy,248479061737290,1756708066998
1756708067.3586946,108039.0,0.00011,buy,445661911773037,1756708066998
1756708067.3586946,108039.0,0.04982,buy,219500378172914,1756708066998
1756708067.6002228,108039.0,0.00156,buy,460233950170591,1756708067055
1756708069.782642,108038.0,0.00041,sell,3820201153211,1756708069042
1756708071.3727987,108028.0,0.01019,sell,68989603740487,1756708070996
1756708072.539456,108024.0,0.04538,sell,722675458566898,1756708072148
1756708072.7997894,108025.0,0.0001,buy,207487594183252,1756708072414
1756708079.4303603,108016.0,0.00035,buy,651825222134204,1756708079010
1756708080.5555668,108016.0,0.01838,buy,318320640607286,1756708080165
1756708081.6540852,108016.0,0.0228,buy,251169996580462,1756708081101
1756708081.6540852,108016.0,0.0001,buy,18307918859507,1756708081101
1756708084.4805007,108015.0,0.00155,sell,359505275896646,1756708083999
1756708086.3806643,108016.0,0.00092,buy,119281311694360,1756708085892
1756708092.489633,108016.0,0.00462,buy,754955057382346,1756708092023
1756708094.1102118,108016.0,0.0001,buy,321024104910726,1756708093733
1756708097.031846,108011.0,0.01833,sell,1050307009405044,1756708096458
1756708097.031846,108011.0,0.00011,sell,887038479695357,1756708096458
1756708097.031846,108012.0,0.00011,sell,879269287510690,1756708096458
1756708097.031846,108013.0,0.03669,sell,269795077782472,1756708096458
1756708097.031846,108014.0,0.00011,sell,112372853691711,1756708096458
1756708097.031846,108015.0,0.00011,sell,769362552747861,1756708096458
1756708097.031846,108013.0,0.00011,sell,994732093393251,1756708096458
1756708097.4586549,108011.0,0.00157,buy,342501501373075,1756708097021
1756708098.0376449,108010.0,0.00635,buy,756687294213436,1756708097577
1756708098.2641008,108009.0,0.042,sell,548232486894129,1756708097750
1756708098.2641008,108009.0,0.00926,sell,923071522044120,1756708097750
1756708098.7500186,108010.0,0.00462,buy,801050059305295,1756708098355
1756708099.4705284,108009.0,0.00041,sell,1025394192618742,1756708099046
1756708100.808885,108010.0,0.04211,buy,680592487850699,1756708100395
1756708100.808885,108010.0,0.002,buy,400716542355737,1756708100395
1756708100.808885,108010.0,0.00217,buy,401522634320404,1756708100395
1756708106.9765294,108010.0,0.00695,buy,40338795613847,1756708106564
1756708109.5813866,108010.0,0.00011,buy,400124157239396,1756708109072
1756708109.5813866,108010.0,0.00023,buy,800365638122670,1756708109072
1756708111.7893577,108010.0,0.02279,buy,762122401894241,1756708111069
1756708111.7893577,108010.0,0.0001,buy,106313801356365,1756708111069
1756708113.2412226,108010.0,0.1,buy,251387304823904,1756708112711
1756708127.1254115,108010.0,0.00025,buy,22478675482901,1756708126703
1756708127.1254115,108010.0,0.00011,buy,788093873649361,1756708126703
1756708127.1254115,108010.0,0.0001,buy,412742734872364,1756708126703
1756708127.3865504,108010.0,0.00156,buy,443949356810929,1756708127073
1756708129.417742,108009.0,0.00041,sell,11698506164732,1756708129006
1756708133.4937274,108010.0,0.00015,buy,908157871914228,1756708133086
1756708137.7136204,108008.0,0.00011,sell,929334772717761,1756708137169
1756708137.7136204,108007.0,0.00011,sell,94476483129521,1756708137169
1756708137.7136204,108006.0,0.00011,sell,1017295455150185,1756708137169
1756708137.7136204,108005.0,0.00614,sell,405875554672917,1756708137169
1756708137.9461632,108005.0,0.00279,sell,1075605071030107,1756708137338
1756708137.9475625,108005.0,0.0028,sell,569100043089640,1756708137410
1756708137.9475625,108005.0,0.00015,sell,997864702058320,1756708137410
1756708139.148487,108005.0,0.00142,sell,844416657953200,1756708138624
1756708139.148487,108005.0,0.01389,sell,679055116068891,1756708138624
1756708139.148487,108005.0,0.00142,sell,582234662020408,1756708138624
1756708139.148487,108005.0,0.00141,sell,160637324285148,1756708138624
1756708139.148487,108005.0,0.00093,sell,27106555674558,1756708138624
1756708139.213482,108005.0,0.01389,sell,816446309222515,1756708138793
1756708139.213482,108005.0,0.01389,sell,94931436061384,1756708138793
1756708139.460378,107999.0,0.00011,sell,1072521346538009,1756708139022
1756708139.460378,107997.0,0.00443,sell,117617640205166,1756708139022
1756708139.460378,107997.0,0.00011,sell,94817739163520,1756708139022
1756708139.460378,107998.0,0.00011,sell,702999799286895,1756708139022
1756708139.460378,108000.0,0.00011,sell,810842828354341,1756708139022
1756708139.460378,108001.0,0.00011,sell,180099680936751,1756708139022
1756708139.460378,108003.0,0.00011,sell,136414268204458,1756708139022
1756708139.460378,108004.0,0.00011,sell,771587706668420,1756708139022
1756708139.460378,108005.0,0.00011,sell,1029047441728981,1756708139022
1756708139.460378,108005.0,0.00357,sell,1101141705954636,1756708139022
1756708139.460378,108006.0,0.00035,buy,1006161242894653,1756708139022
1756708139.460378,108002.0,0.00011,sell,198254550042400,1756708139022
1756708142.0583055,107998.0,0.0001,buy,643497638143838,1756708141058
1756708142.0583055,107998.0,0.0228,buy,329917782033196,1756708141058
1756708143.599928,107995.0,0.00046,buy,854715233244187,1756708143121
1756708144.0555866,107983.0,0.02745,sell,1078275305153378,1756708143621
1756708144.0555866,107983.0,0.00011,sell,201668945757620,1756708143621
1756708144.0555866,107984.0,0.00011,sell,127693883545834,1756708143621
1756708144.0555866,107985.0,0.00011,sell,117767772226229,1756708143621
1756708147.695062,107982.0,0.00014,sell,100706540398132,1756708146525
1756708147.695062,107981.0,0.00011,sell,786485718191594,1756708146525
1756708147.695062,107982.0,0.00011,sell,571007682323955,1756708146525
1756708147.695062,107980.0,0.00011,sell,1002601395372758,1756708146525
1756708147.695062,107980.0,0.00463,sell,530776397683375,1756708146525
1756708147.695062,107979.0,0.05038,sell,458451940989594,1756708146525
1756708147.695062,107979.0,0.00011,sell,463152198049932,1756708146525
1756708147.7977197,107979.0,0.035,sell,1114446901727592,1756708147247
1756708147.966759,107979.0,0.035,sell,758238957022326,1756708147302
1756708150.9440491,107969.0,0.02778,sell,169801768537428,1756708150353
1756708150.9440491,107969.0,0.0034,sell,669515212193287,1756708150353
1756708151.0440238,107969.0,0.02778,sell,951744203042762,1756708150539
1756708151.044273,107968.0,0.00011,sell,669527577171929,1756708150639
1756708151.044273,107967.0,0.00011,sell,690943280844463,1756708150639
1756708151.044273,107967.0,0.03684,sell,440273270105724,1756708150639
1756708151.2741466,107967.0,0.02778,sell,905407532806682,1756708150781
1756708151.2741466,107967.0,0.02009,sell,1037628728527828,1756708150781
1756708151.2741466,107967.0,0.02298,sell,473816502955522,1756708150781
1756708152.3673778,107967.0,0.01854,sell,822459437878202,1756708151888
1756708157.3857806,107968.0,0.00011,buy,976755979458234,1756708157016
1756708157.3857806,107968.0,0.00145,buy,519266850448151,1756708157016
1756708159.500997,107967.0,0.0004,sell,1099052178798249,1756708159040
1756708162.7060122,107968.0,0.00232,buy,410047545571984,1756708162258
1756708162.7060122,107968.0,0.00232,buy,776301189935332,1756708162258
1756708162.7060122,107968.0,0.00232,buy,879955433706071,1756708162258
1756708162.7060122,107968.0,0.00232,buy,1089281026264939,1756708162258
1756708162.7060122,107968.0,0.00232,buy,147791227766911,1756708162258
1756708162.7060122,107968.0,0.00231,buy,249700338047646,1756708162258
1756708162.7060122,107968.0,0.00232,buy,1047835405918705,1756708162258
1756708162.7060122,107968.0,0.00232,buy,72561386028810,1756708162258
1756708162.7060122,107968.0,0.00087,buy,525559269325214,1756708162258
1756708162.7060122,107968.0,0.00232,buy,124515220634669,1756708162258
1756708162.7060122,107968.0,0.00231,buy,721731913453510,1756708162258
1756708162.7060122,107968.0,0.00231,buy,1031971301733744,1756708162258
1756708162.7060122,107968.0,0.00231,buy,94742583733431,1756708162258
1756708162.7060122,107968.0,0.0011,buy,209585697316096,1756708162258
1756708162.7060122,107968.0,0.00231,buy,310476773015165,1756708162258
1756708162.7060122,107968.0,0.00231,buy,123161845323570,1756708162258
1756708162.7060122,107968.0,0.00231,buy,369015881014682,1756708162258
1756708162.7060122,107968.0,0.00231,buy,1043818968084207,1756708162258
1756708162.7060122,107968.0,0.00232,buy,371428651672107,1756708162258
1756708162.7060122,107968.0,0.00232,buy,263316411075451,1756708162258
1756708162.7060122,107968.0,0.00035,buy,274738879847936,1756708162258
1756708162.7060122,107968.0,0.00232,buy,820044341684630,1756708162258
1756708162.7060122,107968.0,0.00231,buy,551781577366796,1756708162258
1756708162.7060122,107968.0,0.00231,buy,1037216817838183,1756708162258
1756708162.7060122,107968.0,0.00231,buy,850640143866412,1756708162258
1756708162.8352244,107968.0,0.00231,buy,291516201856962,1756708162459
1756708162.8352244,107968.0,0.00121,buy,950371904605144,1756708162459
1756708162.8352244,107968.0,0.00232,buy,524151080793905,1756708162459
1756708162.8352244,107968.0,0.00231,buy,931311311684731,1756708162459
1756708162.8352244,107968.0,0.00231,buy,94166657727466,1756708162459
1756708162.8352244,107968.0,0.00232,buy,758854772528695,1756708162459
1756708162.8352244,107968.0,0.00011,buy,368559832282959,1756708162459
1756708162.8352244,107969.0,0.00011,buy,169342789866620,1756708162459
1756708162.8352244,107970.0,0.00449,buy,696546964945783,1756708162459
1756708162.8352244,107970.0,0.00011,buy,496446010674646,1756708162459
1756708162.8352244,107968.0,0.00232,buy,92151084947210,1756708162459
1756708162.8352244,107968.0,0.00232,buy,1118701127153626,1756708162459
1756708166.2559702,107979.0,0.05,sell,642007920591090,1756708165865
1756708167.7863958,107979.0,0.005,sell,827783706429124,1756708167238
1756708167.7863958,107979.0,0.00011,sell,835255857890682,1756708167238
1756708169.4867115,107970.0,0.00035,buy,36992243255991,1756708169005
1756708171.523605,107970.0,0.0001,buy,951135966008968,1756708171011
1756708171.523605,107970.0,0.0228,buy,109346008373195,1756708171011
1756708182.8762145,107970.0,0.00476,buy,59409424269308,1756708182428
1756708182.8762145,107970.0,0.10213,buy,674351126298539,1756708182428
1756708187.559595,107970.0,0.00157,buy,843183205023715,1756708187071
1756708189.0746589,107969.0,0.00011,sell,920022056139859,1756708188635
1756708189.0746589,107969.0,0.00211,sell,911272676175091,1756708188635
1756708189.0746589,107969.0,0.00223,sell,580962664332933,1756708188635
1756708189.5310318,107969.0,0.00041,sell,463487756302924,1756708189009
1756708193.6379137,107969.0,0.01482,sell,615358901957470,1756708193134
1756708193.6379137,107969.0,0.0293,sell,868758700718382,1756708193134
1756708193.6942234,107969.0,0.02779,sell,853670190521130,1756708193178
1756708193.7632685,107969.0,0.20209,sell,240378344332261,1756708193395
1756708193.7632685,107969.0,0.32839,sell,780888608947314,1756708193395
1756708193.7632685,107969.0,0.22536,sell,1098863960329417,1756708193395
1756708193.8514893,107969.0,0.02779,sell,87956674489727,1756708193495
1756708194.1220248,107969.0,0.14446,sell,91078252984068,1756708193594
1756708194.8307924,107964.0,0.00449,sell,935453226326606,1756708194509
1756708194.8307924,107962.0,0.03629,sell,153185125564428,1756708194509
1756708195.686932,107962.0,0.023,sell,344210996427986,1756708195325
1756708198.3628967,107963.0,0.00032,buy,28659637415974,1756708197851
1756708198.5700896,107962.0,0.00035,sell,574384837867278,1756708198053
1756708199.5313554,107963.0,0.00035,buy,1119236653566482,1756708199068
1756708201.4743593,107963.0,0.00232,buy,781112905598952,1756708200876
1756708201.4743593,107963.0,0.00232,buy,1107737697687789,1756708200876
1756708201.4743593,107963.0,0.00232,buy,1037403495220927,1756708200876
1756708201.4743593,107963.0,0.00232,buy,635155199633044,1756708200876
1756708201.4743593,107963.0,0.00232,buy,719235174854812,1756708200876
1756708201.4743593,107963.0,0.00232,buy,646711227584453,1756708200876
1756708201.4743593,107963.0,0.00232,buy,35095566675236,1756708200876
1756708201.4743593,107963.0,0.00232,buy,412437191416596,1756708200876
1756708201.4743593,107963.0,0.00232,buy,161000759905345,1756708200876
1756708201.4743593,107963.0,0.00232,buy,837837205600151,1756708200876
1756708201.4743593,107963.0,0.00232,buy,904028702472101,1756708200876
1756708201.4743593,107963.0,0.00232,buy,985525155614903,1756708200876
1756708201.4743593,107963.0,0.00011,buy,1054129756109509,1756708200876
1756708201.4743593,107963.0,0.00232,buy,918422344077857,1756708200876
1756708201.4743593,107963.0,0.00232,buy,729796075569412,1756708200876
1756708201.4743593,107963.0,0.00232,buy,23242744291775,1756708200876
1756708201.4743593,107963.0,0.00232,buy,860373364530982,1756708200876
1756708201.8513746,107964.0,0.0001,buy,1013420196681281,1756708201057
1756708201.9467769,107964.0,1e-05,buy,985631928420958,1756708201113
1756708201.998178,107965.0,0.00011,buy,414489253892270,1756708201296
1756708205.302361,107970.0,0.00449,buy,690134716472650,1756708204685
1756708205.302361,107970.0,0.0001,buy,71514723505184,1756708204685
1756708205.302361,107970.0,0.00011,buy,1023094734874599,1756708204685
1756708205.302361,107970.0,0.00232,buy,1084508710647124,1756708204685
1756708205.302361,107970.0,0.00232,buy,706367637051410,1756708204685
1756708205.302361,107970.0,0.00232,buy,876576066294846,1756708204685
1756708205.302361,107970.0,0.00232,buy,453418406429955,1756708204685
1756708205.302361,107971.0,0.00011,buy,619363833219947,1756708204685
1756708205.302361,107970.0,0.00232,buy,508194110774645,1756708204685
1756708205.500452,107979.0,0.00011,buy,614336260956412,1756708204904
1756708205.500452,107982.0,0.00011,buy,1085009202714425,1756708204904
1756708205.500452,107981.0,0.00011,buy,992481829175282,1756708204904
1756708205.500452,107980.0,0.00011,buy,497413679880336,1756708204904
1756708205.500452,107978.0,0.00011,buy,893547076708359,1756708204904
1756708205.500452,107974.0,0.00011,buy,560803817200442,1756708204904
1756708205.500452,107976.0,0.00011,buy,798613758040690,1756708204904
1756708205.500452,107975.0,0.00011,buy,447674479882598,1756708204904
1756708205.500452,107973.0,0.00011,buy,446059295264023,1756708204904
1756708205.500452,107972.0,0.00011,buy,1055522150812796,1756708204904
1756708205.500452,107977.0,0.00011,buy,667628035293852,1756708204904
1756708205.788629,107983.0,0.00011,buy,1002755227061154,1756708205117
1756708205.867916,107984.0,0.00011,buy,641493234313168,1756708205118
1756708205.867916,107985.0,0.00011,buy,307994866058223,1756708205118
1756708207.6577702,107991.0,0.0001,sell,739636599171052,1756708207030
1756708209.6496153,107992.0,0.00231,buy,72877582206713,1756708209006
1756708209.6496153,107992.0,0.00232,buy,497226927146099,1756708209006
1756708209.6496153,107992.0,0.00232,buy,914141481555353,1756708209006
1756708209.6496153,107992.0,0.00232,buy,869849258185504,1756708209006
1756708209.6496153,107992.0,0.00232,buy,948453538355419,1756708209006
1756708209.6496153,107992.0,0.00232,buy,88797637149,1756708209006
1756708209.6496153,107992.0,0.00232,buy,445483124614309,1756708209006
1756708209.6496153,107992.0,0.00232,buy,692496834405354,1756708209006
1756708209.6496153,107992.0,0.00232,buy,977094221830289,1756708209006
1756708209.6496153,107992.0,0.00231,buy,1012731087237906,1756708209006
1756708209.6496153,107992.0,0.00232,buy,892763245270960,1756708209006
1756708209.6496153,107992.0,0.00232,buy,63803023278089,1756708209006
1756708209.6496153,107992.0,0.00232,buy,321101615464962,1756708209006
1756708209.6496153,107992.0,0.00231,buy,842615573496552,1756708209006
1756708209.6496153,107992.0,0.00232,buy,521039120392522,1756708209006
1756708209.6496153,107992.0,0.00232,buy,2573874183907,1756708209006
1756708209.6496153,107992.0,0.00232,buy,456286045190559,1756708209006
1756708209.6496153,107992.0,0.00232,buy,843318419072108,1756708209006
1756708209.6496153,107992.0,0.00232,buy,420582836688782,1756708209006
1756708209.6496153,107992.0,0.00232,buy,277610980954681,1756708209006
1756708209.6496153,107992.0,0.00232,buy,827485336338328,1756708209006
1756708209.6496153,107992.0,0.00231,buy,973835463158267,1756708209006
1756708213.4392447,108004.0,0.00011,sell,27451215125871,1756708213009
1756708213.8520288,107996.0,0.00011,sell,298277140944031,1756708213425
1756708213.8520288,108000.0,0.00011,sell,703124490107723,1756708213425
1756708213.8520288,107998.0,0.00011,sell,684368278118239,1756708213425
1756708213.8520288,107997.0,0.00011,sell,217379022925683,1756708213425
1756708213.8520288,107999.0,0.00011,sell,931291269261108,1756708213425
1756708213.8520288,107993.0,0.00011,sell,936424980361027,1756708213425
1756708213.8520288,107991.0,0.00011,sell,176582841100087,1756708213425
1756708213.8520288,107992.0,0.00011,sell,345741022417969,1756708213425
1756708213.8520288,107994.0,0.00011,sell,677106409448127,1756708213425
1756708213.8520288,107995.0,0.00011,sell,577507956680428,1756708213425
1756708215.8122003,107991.0,0.02374,buy,549063466250865,1756708215354
1756708217.8001204,107991.0,0.00156,buy,27587884223790,1756708217076
1756708219.051448,107991.0,0.03704,buy,612576192054145,1756708218477
1756708219.3426194,107991.0,0.00231,buy,893367955145816,1756708218883
1756708219.3426194,107991.0,0.18766,buy,217465246740518,1756708218883
1756708219.3426194,107991.0,0.00231,buy,789258544168328,1756708218883
1756708219.3426194,107991.0,0.00231,buy,625361591201702,1756708218883
1756708219.3426194,107991.0,0.00231,buy,444150229565409,1756708218883
1756708219.3426194,107991.0,0.00231,buy,860553644143567,1756708218883
